4622 6572
582 646 625 712 26
1209 665 1236 710 s.
1261 665 1389 712 mnsnu

581 885 743 982 septimo
763 888 894 960 autem
913 885 975 960 die
993 907 1078 960 cum
1097 886 1236 981 septies
1256 886 1527 978 circumissent,
1542 887 1640 961 tuba
1658 889 1830 977 canente,
1846 887 2016 963 civitatis

581 1011 682 1084 muri
710 1010 971 1099 conciderunt3
1001 1014 1043 1084 et
1069 1012 1225 1101 cunctis,
1255 1013 1321 1106 qui
1352 1011 1392 1085 in
1425 1013 1520 1087 urbe
1548 1016 1672 1104 erant,
1708 1013 1908 1108 peremtis:
1938 1014 2019 1090 sola

580 1136 688 1212 Raab
716 1136 764 1210 ab
793 1136 879 1210 Iesu
908 1137 1126 1210 cumomni
1154 1135 1266 1209 domo
1295 1158 1365 1210 sua
1393 1140 1653 1212 conservatur.
1682 1136 1754 1213 Hic
1778 1138 1871 1212 ordo
1889 1160 2019 1212 rerum

581 1260 729 1355 magnis
757 1260 983 1354 spiritaliter
1010 1260 1269 1354 gerundarum
1289 1262 1537 1336 sacramentis
1565 1253 1784 1336 connexusl
1815 1265 1886 1336 est.
1915 1261 2019 1336 Duos

581 1385 629 1458 ab
658 1384 744 1459 Iesu
772 1384 905 1458 missos
934 1387 1060 1460 terrae
1080 1386 1340 1479 exploratores
1371 1386 1553 1460 meretrix
1569 1387 1672 1460 domi
1690 1385 1876 1482 suscepit:
1896 1387 2019 1482 legem

581 1510 621 1583 et
648 1508 890 1604 prophetiam
918 1507 967 1582 ad
994 1507 1265 1603 explorandam
1292 1509 1493 1582 hominum
1522 1509 1634 1584 fidem
1656 1510 1810 1584 missam
1828 1510 2018 1607 peccatrix

581 1634 737 1710 ecclesia
763 1634 925 1730 recepit;
955 1656 1021 1729 per
1049 1657 1166 1729 quam
1193 1634 1401 1710 confitetur
1428 1635 1529 1710 Deus
1558 1638 1598 1710 et
1623 1636 1665 1710 in
1688 1637 1792 1712 coelo
1820 1660 1952 1712 susum
1979 1640 2020 1713 et

580 1761 620 1833 in
648 1762 753 1833 terra
780 1759 969 1833 deorsum.
997 1758 1090 1834 Post
1117 1759 1329 1853 spiritalem
1360 1760 1442 1835 eius
1457 1762 1743 1856 generationem
1762 1763 2019 1836 contestatam

517 1903 553 1959 25
581 1905 802 1980 corpoream
829 1884 961 1961 didicit
989 1885 1089 1958 enim
1117 1885 1158 1958 iu
1186 1885 1267 1958 his:
1303 1888 1390 1980 post
1421 1886 1493 1960 hoc
1523 1885 1565 1958 in
1592 1888 1697 1960 terra
1724 1885 1828 1961 visus
1852 1889 1923 1977 est,
1948 1888 1953 1978 1
1978 1889 2020 1960 et

580 2011 682 2084 inter
708 2009 880 2085 homines
907 2011 1154 2085 conversatus
1182 2012 1253 2084 est.
1282 2009 1342 2084 Ab
1370 2010 1529 2085 hiisdem
1558 2010 1676 2084 etiam
1704 2009 1855 2105 signum
1882 2009 2020 2084 salutis

580 2133 745 2229 accepit,
774 2133 815 2206 in
851 2127 1050 2208 coccine0²
1079 2133 1200 2208 colore
1227 2132 1371 2207 scilicet
1407 2155 1475 2228 pro
1513 2131 1703 2227 dignitate
1739 2133 1846 2228 regio
1883 2135 1924 2207 et
1950 2155 2020 2228 pro

579 2259 843 2352 corporatione
862 2259 1084 2352 sanguineo,
1104 2257 1206 2352 quod
1225 2260 1434 2352 utrumque
1454 2257 1492 2330 in
1513 2258 1685 2352 passione
1709 2257 1907 2333 convenit:
1928 2279 2017 2332 eum

579 2385 619 2457 et
646 2381 717 2455 tali
737 2382 873 2455 habitu
893 2381 1080 2456 Dominus
1098 2383 1258 2455 indutus
1286 2385 1356 2473 est,
1386 2384 1426 2456 et
1454 2381 1607 2476 sanguis
1636 2382 1671 2455 ei
1698 2382 1811 2456 fluxit
1839 2403 1860 2456 e
1883 2382 2018 2456 latere.

577 2505 659 2582 Hoc
687 2507 880 2582 coccinum
908 2510 948 2582 et
974 2505 1167 2581 Manassae
1186 2506 1332 2602 accepit
1350 2506 1392 2580 in
1420 2506 1548 2601 siguo:
1568 2508 1639 2580 hoc
1658 2508 1844 2602 sanguine
1863 2509 1904 2581 et
1932 2529 2020 2581 oon-

579 2631 751 2726 signatae
780 2629 820 2703 in
848 2629 1025 2726 Aegypto
1054 2629 1188 2704 domus
1215 2633 1327 2703 tutae
1356 2632 1460 2720 sunt,
1489 2632 1529 2704 et
1560 2629 1785 2705 testamenti
1805 2629 1903 2704 liber
1931 2651 2020 2704 con·

578 2775 728 2850 spersus
756 2757 826 2845 est,
855 2757 896 2829 et
914 2753 1172 2828 sanctificatus
1191 2755 1250 2826 est
1264 2753 1443 2848 populus·
1455 2752 1632 2848 Quisquis
1647 2755 1779 2828 autem
1798 2752 1845 2828 de
1872 2751 2022 2826 familia

579 2882 689 2954 extra
716 2879 872 2952 domum
890 2880 1063 2973 repertus
1087 2880 1199 2968 esset,
1219 2877 1292 2951 sibi
1310 2898 1398 2952 reus
1417 2880 1477 2951 est
1495 2877 1752 2951 constitutus:
1782 2877 1919 2953 doeens
1940 2898 2018 2968 eos,

579 3004 646 3100 qui
673 3006 783 3078 extra
811 3003 1007 3078 ecclesiam
1035 3002 1208 3102 fuissent,
1237 3023 1392 3077 oausam
1420 3002 1492 3075 sibi
1523 3003 1661 3076 mortis
1682 3002 1846 3076 futuros.
1867 3001 2021 3077 Hierico

579 3131 711 3202 autem
729 3127 770 3201 in
788 3127 903 3201 huius
921 3126 1055 3200 mundi
1070 3126 1230 3222 speeiem
1249 3125 1392 3220 posita:
1409 3147 1475 3200 sex
1490 3125 1623 3201 diebus
1643 3125 1837 3218 circuitur,
1858 3127 2021 3222 septimo

579 3251 627 3326 ad
657 3273 786 3327 vocem
815 3253 934 3326 tubae
962 3252 1137 3343 concidit,
1167 3255 1207 3326 et
1236 3251 1370 3325 domus
1398 3251 1505 3326 Raab
1534 3273 1601 3348 per
1628 3252 1756 3328 Iesum
1785 3254 1936 3348 integra
1963 3273 2022 3326 re-

579 3378 767 3450 servatur.
788 3374 860 3450 Sex
889 3374 1037 3448 milium
1065 3374 1167 3448 enim
1196 3396 1382 3448 annorum
1412 3374 1454 3448 in
1472 3397 1537 3449 sex
1557 3375 1690 3450 diebus
1708 3377 1860 3470 tempus
1894 3378 2023 3450 osten·

578 3501 695 3592 ditur,
715 3523 790 3596 quo
811 3501 909 3576 circa
928 3500 1113 3574 mundum
1141 3503 1200 3574 est
1218 3500 1450 3592 oberratum,
1473 3503 1514 3575 et
1532 3501 1698 3596 quodam
1726 3501 2020 3596 generationum

579 3626 718 3701 circulo
746 3626 1095 3717 circumcursatum‚
1125 3626 1258 3701 eodem
1286 3627 1367 3722 ipso
1395 3626 1537 3700 mundo
1575 3625 1624 3700 ad
1655 3626 1776 3701 tubae
1813 3648 1947 3702 vocem
1979 3627 2021 3700 in

578 3754 750 3844 tempore
769 3751 930 3845 septimo
959 3752 1161 3826 millesimo
1188 3751 1433 3827 resolvendo:
1462 3751 1544 3826 sola
1571 3751 1729 3826 ecclesia
1758 3773 1824 3846 per
1843 3751 2020 3847 explora·

578 3877 707 3948 torum
735 3874 1025 3970 susceptionem,
1046 3897 1114 3971 per
1141 3875 1212 3950 Dei
1240 3878 1280 3949 in
1299 3897 1454 3971 corpore
1474 3876 1761 3968 confessionem,
1781 3897 1848 3971 per
1868 3876 2021 3970 signum

579 3999 720 4074 coccini
747 4021 813 4094 per
840 4000 968 4073 Iesum
997 3999 1202 4092 decretum,
1232 4023 1317 4076 cum
1346 4002 1450 4074 omni
1480 4024 1550 4074 sua
1577 4001 1725 4074 familia
1753 4000 1993 4076 reservanda.

659 4124 937 4199 Admonuimus
965 4125 1186 4220 frequenter
1214 4147 1300 4200 eam
1326 4126 1482 4200 lectioni
1502 4126 1718 4202 divinarum
1743 4127 2021 4223 scripturarum

578 4255 722 4322 mentem
750 4248 923 4323 adhiberi
951 4254 1149 4358 oportere,
1179 4273 1277 4346 quae
1304 4250 1467 4326 sollicito
1495 4251 1669 4326 examine
1697 4255 1737 4326 et
1773 4251 1913 4326 iudicio
1942 4272 2021 4325 nen

580 4374 685 4448 inani
704 4377 830 4470 posset
849 4374 1073 4467 discernere,
1087 4376 1239 4472 quando
1258 4398 1386 4451 rerum
1407 4379 1604 4471 gestarum
1623 4377 1937 4452 commemoratio
1957 4377 2021 4452 vel

579 4497 801 4593 simpliciter
828 4501 928 4574 esset
955 4499 1206 4594 intelligenda
1233 4499 1295 4574 vel
1322 4497 1472 4596 typioe;
1501 4522 1549 4574 ne
1568 4501 1873 4596 intemperanter
1901 4502 2022 4595 atque

580 4621 755 4716 imperite
775 4624 959 4717 utroque;
989 4625 1059 4695 aut
1087 4625 1294 4718 utrumque
1320 4622 1462 4698 inutile
1490 4623 1734 4698 audientibus
1761 4623 2020 4716 redderemus,

579 4745 612 4818 si
639 4747 709 4818 aut
735 4745 963 4840 simplicium
982 4745 1148 4840 cognitio
1177 4747 1285 4820 inani
1298 4746 1670 4842 praefigurationum
1698 4748 1907 4824 assertione
1937 4770 2020 4823 cor-

579 4871 832 4964 rumperetur,
861 4871 931 4942 aut
958 4868 1082 4944 virtus
1105 4869 1472 4965 praefigurationum
1491 4873 1562 4946 sub
1592 4873 1821 4972 simplicium
1841 4873 2021 4968 opinione

579 4990 833 5085 ignoraretur.
863 4991 1101 5086 Quamquam
1127 4992 1184 5064 ita
1211 5015 1250 5066 se
1278 4992 1430 5069 divinae
1463 4997 1674 5091 scripturae
1704 5017 1827 5070 sermo
1861 4995 2019 5086 habeat,

582 5116 627 5186 ut
645 5117 691 5187 ut
709 5112 804 5187 nihil
823 5114 901 5188 illio
926 5116 1051 5206 inane,
1080 5115 1250 5210 nihilque
1269 5119 1377 5192 extra
1396 5141 1550 5192 causam
1575 5121 1734 5195 alicuius
1763 5121 2018 5212 necessitatis,

581 5237 677 5310 nihil
691 5259 768 5312 non
781 5239 852 5310 sub
870 5238 1085 5315 discrimine
1099 5242 1371 5317 consectandae
1386 5234 1432 5316 a³
1445 5245 1555 5319 nobis
1570 5245 1853 5342 intelligentiae
1868 5245 2020 5320 editum

664 5503 672 5535 ¹
691 5512 826 5557 conexus
846 5523 883 5538 -
903 5496 1053 5560 ¹coccino
1073 5525 1110 5542 -·
1130 5500 1359 5564 ³eonsectanda
1379 5521 1424 5566 aa.
