4622 6572
803 645 847 690 uu
870 643 1046 690 strennuus
1070 646 1114 690 un
1136 645 1244 690 nrum
1653 618 1654 622 ’
1697 627 1738 690 21

306 862 510 958 gnificatur
528 863 568 936 in
586 884 740 958 vespere
749 891 763 954 ,·
781 862 974 938 desideriis
993 863 1138 954 mundi,
1155 863 1221 958 qui
1240 865 1311 937 sub
1327 863 1503 961 Aegypto
1524 866 1743 961 frequenter

307 986 590 1082 significaturus
622 988 684 1062 sit.
713 987 885 1083 Denique
916 987 1032 1064 semel
1069 991 1224 1062 tantum
1258 990 1355 1064 hanc
1389 1013 1542 1066 carnem
1579 991 1743 1088 populus

306 1113 453 1202 habuit,
483 1115 530 1186 ut
557 1112 648 1186 data
676 1136 752 1187 non
780 1113 830 1186 ad
859 1137 969 1186 usum
1001 1113 1255 1188 necessarium
1283 1115 1348 1190 sed
1376 1116 1425 1188 ad
1451 1115 1742 1212 praefiguratio·

305 1238 363 1310 nis
397 1229 739 1333 significationem¹
778 1239 987 1314 doceretur.
1027 1239 1072 1312 In
1109 1262 1251 1312 manna
1285 1261 1376 1314 vero
1414 1242 1620 1334 temptatio
1657 1244 1742 1329 est;

303 1365 519 1458 temptatur
546 1365 647 1437 enim
676 1384 742 1457 per
769 1385 853 1437 eam
885 1363 1059 1459 populus,
1088 1367 1221 1438 utrum
1260 1364 1437 1439 obediens
1471 1365 1550 1439 Deo
1588 1365 1744 1439 futurus

305 1487 367 1578 sit,
405 1486 445 1560 id
482 1490 542 1561 est
583 1490 715 1560 utrum
742 1509 877 1562 verum
904 1488 950 1562 de
983 1489 1087 1562 coelo
1127 1511 1264 1583 panem
1293 1490 1397 1584 digni
1432 1493 1547 1564 erunt
1582 1511 1743 1578 sumere,

307 1618 347 1688 et
379 1604 677 1709 temptationis²
704 1613 819 1686 huius
846 1614 946 1687 ratio
984 1614 1030 1687 de
1067 1615 1387 1710 consequentibus
1425 1615 1637 1709 expetenda
1673 1617 1743 1690 est.

305 1737 419 1812 Mane
447 1736 662 1811 invenitur:
692 1737 763 1810 hoc
790 1737 893 1810 euim
920 1737 960 1810 in
988 1737 1265 1813 resurrectione
1288 1737 1442 1813 Domini
1470 1738 1643 1814 coelestis
1670 1739 1745 1815 cibi

305 1868 456 1959 tempus
484 1865 560 1951 est;
589 1861 690 1936 idem
718 1862 918 1938 universae
945 1864 1068 1936 aetati
1096 1865 1136 1938 et
1168 1864 1274 1938 sexui
1305 1864 1577 1960 praestituitur
1614 1885 1744 1940 secun·

308 1989 399 2062 dum
425 1991 608 2064 naturam
635 1988 843 2062 humanam
868 1985 873 2078 l
898 1987 1157 2079 contrarium;
1197 1989 1349 2084 quaudo
1383 1989 1484 2064 enim
1515 1989 1746 2064 tantundem
1772 2005 1809 2064 ao

308 2113 380 2188 cibi
412 2113 573 2210 parvulo
607 2115 647 2187 et
679 2113 762 2188 viro
790 2112 1044 2188 necessarium
1071 2115 1154 2189 esti
1190 2113 1261 2188 Sed
1298 2115 1506 2188 secundum
1534 2114 1747 2210 spiritalem

307 2236 670 2332 praeformationem
693 2238 934 2332 aptissimum
954 2240 1022 2328 est,
1045 2238 1260 2333 aequaliter
1278 2237 1465 2313 universis
1483 2238 1638 2312 coelesti
1657 2238 1740 2312 cibo

306 2361 571 2457 impertiendo,
591 2362 640 2436 ad
668 2363 855 2438 virtutem
882 2365 1056 2458 partibus
1084 2364 1300 2438 indiscreto.
1322 2357 1613 2438 Sacramentum
1642 2364 1748 2438 enim

306 2485 513 2560 scientibus
540 2486 723 2580 loquitur,
753 2508 831 2560 nou
863 2482 1111 2560 abundante⁸
1139 2509 1332 2583 quoquam
1365 2487 1411 2561 de
1445 2487 1654 2560 maioribus
1683 2509 1748 2562 ne·

307 2631 381 2706 que
408 2608 603 2703 indigente
623 2610 668 2684 de
697 2611 874 2701 minimis,
904 2613 1117 2708 aequaliter
1145 2611 1288 2686 scilicet
1307 2612 1494 2704 omnibus,
1515 2633 1560 2686 ex
1581 2633 1625 2686 eo
1646 2612 1747 2708 quod

308 2736 512 2810 discretum
539 2727 740 2831 partibus⁴
769 2737 993 2810 sumebatur
1020 2738 1192 2832 expletis.
1214 2737 1260 2810 In
1287 2737 1345 2811 his
1373 2739 1516 2826 autem,
1545 2760 1643 2833 quae
1671 2739 1746 2814 col·

307 2860 407 2932 lecta
436 2859 539 2932 ultra
572 2880 789 2933 mensuram
816 2863 919 2951 sunt,
948 2864 988 2934 et
1015 2860 1056 2933 in
1082 2883 1195 2934 mane
1232 2861 1552 2952 exuberaverunt,
1578 2861 1680 2956 quod
1708 2863 1748 2936 et

309 2983 447 3058 vermis
475 2986 516 3058 et
542 2985 658 3078 putor
685 2987 755 3074 est,
784 3007 860 3058 non
889 2985 1114 3079 ambiguum
1145 2987 1215 3076 est,
1250 3007 1325 3076 eos,
1360 2987 1426 3080 qui
1453 2985 1557 3059 ultra
1585 2987 1747 3062 coeleste

307 3131 447 3182 munus
466 3110 507 3181 et
527 3107 737 3182 doctrinam
757 3109 966 3204 spiritalem
987 3131 1064 3183 nou
1082 3110 1293 3185 necessaria
1319 3110 1646 3205 congregaverint,
1668 3133 1748 3186 esse

308 3255 353 3307 ea
381 3235 421 3306 et
449 3251 562 3306 sensu
590 3232 747 3324 foetida,
776 3234 815 3308 id
844 3238 903 3308 est
926 3259 949 3308 a
976 3236 1142 3310 veritate
1170 3238 1361 3332 corrupta,
1391 3239 1431 3310 et
1459 3235 1749 3311 daemoniorum

308 3357 413 3432 vitiis
429 3359 712 3435 effervescentia
726 3351 750 3450 ⁵,
766 3360 910 3434 scilicet
924 3360 1118 3436 vermibus
1134 3360 1317 3456 inquieta,
1332 3360 1411 3433 sole
1429 3360 1694 3453 incalescente,
1710 3362 1749 3434 id

310 3485 368 3558 est
388 3482 550 3573 Christo,
573 3483 637 3579 qui
655 3483 712 3558 sol
731 3484 903 3559 iustitiae
921 3488 990 3577 est,
1011 3485 1060 3558 ad
1079 3485 1261 3558 iudicium
1288 3487 1508 3560 revertente
1527 3485 1747 3580 quolrrldam

309 3608 490 3684 solvenda
509 3607 555 3681 de
574 3608 731 3704 liquido.
756 3609 801 3682 In
820 3609 961 3704 duplici
979 3612 1110 3684 autem
1129 3609 1190 3682 die
1209 3613 1317 3684 sexto
1337 3609 1385 3683 ob
1404 3609 1556 3702 septimi
1575 3610 1747 3705 requiem

310 3755 473 3807 mannae
491 3735 823 3829 congregationem
851 3735 1109 3830 spiritualium
1136 3756 1294 3828 operum
1322 3734 1563 3808 accumulata
1590 3756 1748 3829 praepa·

310 3860 409 3931 ratio
438 3857 689 3962 admonetur;
707 3859 944 3954 praeparatis
962 3859 1072 3933 bonis
1098 3862 1184 3933 tum
1204 3881 1290 3934 cum
1313 3859 1462 3954 requies
1481 3858 1583 3934 adsit
1611 3859 1749 3948 usuris

310 3981 471 4077 denique
499 3981 601 4078 quod
629 3983 676 4057 de
703 3986 810 4058 sexto
839 3983 899 4059 die
931 3987 1115 4079 superest,
1144 4007 1221 4058 non
1249 3984 1523 4079 corrumpitur:
1544 4006 1630 4059 cum
1649 3983 1750 4079 quod

310 4111 420 4184 extra
446 4129 667 4182 mensnram
693 4111 931 4183 caeterorum
959 4108 1107 4182 dierum
1134 4111 1198 4199 sit,
1218 4108 1374 4183 foeteat.
1404 4107 1466 4181 Ita
1493 4111 1534 4184 et
1560 4109 1631 4198 his,
1653 4130 1752 4204 quae

310 4224 447 4306 extra⁶
469 4233 722 4329 perscriptum
748 4234 838 4325 sint,
867 4235 1113 4328 praesumpta
1141 4233 1334 4328 corruptio
1361 4235 1431 4306 est.
1460 4232 1507 4305 In
1533 4233 1605 4306 hoc
1632 4231 1752 4327 igitur

311 4358 453 4432 aetatis
471 4361 626 4432 nostrae
644 4361 815 4452 tempore
834 4358 1069 4453 operandum
1087 4361 1157 4449 est,
1179 4379 1253 4452 quo
1268 4357 1328 4431 uti
1347 4355 1533 4451 possimus
1553 4356 1594 4428 in
1607 4357 1750 4452 requie.

311 4482 473 4576 Tempus
502 4485 633 4556 autem
652 4481 766 4556 huius
785 4483 884 4556 sexti
911 4481 1103 4558 millesimi
1130 4475 1332 4572 anni⁷est,
1363 4481 1464 4576 quod
1492 4481 1562 4554 sub
1590 4503 1751 4554 numero

313 4607 388 4681 diei
407 4607 504 4682 sexti
524 4606 771 4703 significatur,
786 4608 973 4703 propheta
992 4607 1140 4682 dicente
1155 4608 1189 4680 ⁸:
1214 4611 1230 4642 ‘⁴
1247 4607 1343 4693 Quia
1362 4607 1454 4680 anni
1473 4606 1577 4680 mille
1596 4605 1636 4678 in
1664 4628 1751 4681 con·

313 4734 443 4826 spectu
471 4732 625 4805 Domini
653 4735 851 4826 tamquam
871 4732 1048 4807 diesuna
1067 4788 1099 4819 ,.
1124 4731 1254 4806 Alitur
1273 4753 1362 4826 ergo
1390 4732 1552 4828 populus
1581 4731 1641 4806 die
1669 4752 1751 4826 sep·

313 4857 421 4948 tima,
441 4856 479 4929 id
499 4860 557 4932 est
575 4859 706 4952 requio
727 4856 891 4947 Domini,
912 4856 1004 4931 cibis
1022 4855 1143 4951 pridie
1162 4855 1342 4943 conditis3
1365 4856 1405 4928 et
1423 4854 1493 4944 his,
1519 4876 1617 4949 quae
1645 4875 1752 4950 prae·

313 4985 529 5077 paraverat,
556 4983 692 5072 utitur,
721 5003 797 5054 non
825 4983 1046 5075 reperturus
1064 4981 1238 5076 septimo,
1259 5002 1334 5074 quo
1354 4979 1406 5052 ali
1433 4979 1564 5075 possit,
1594 4979 1751 5054 multis⁹

394 5194 403 5227 ¹
419 5185 656 5265 significandam
674 5221 715 5233 -
736 5185 966 5266 ’temptatione
978 5217 1016 5232 --
1029 5193 1040 5226 ⁸
1053 5185 1249 5246 habundante
1271 5230 1305 5240 -
1325 5185 1494 5264 ⁴patribus
1513 5219 1548 5232 -
1572 5191 1631 5246 ⁵et
1651 5183 1751 5246 ferve-

318 5282 436 5346 scentis
458 5319 493 5330 —
515 5291 629 5348 ⁶ostra
647 5321 688 5331 —
709 5284 820 5346 lHaec
841 5283 944 5362 opinio
965 5282 1005 5344 de
1025 5282 1132 5344 mundi
1152 5283 1313 5348 duratione
1333 5302 1431 5361 usque
1452 5282 1492 5344 ad
1513 5289 1634 5345 sextum
1654 5283 1752 5344 mille·

315 5384 433 5444 narium
454 5405 473 5444 a
492 5383 523 5446 S.
545 5383 719 5462 Augustino
740 5383 772 5445 in
792 5383 907 5444 Psalm.
929 5385 978 5461 69,
999 5389 1091 5460 atque
1113 5381 1152 5444 ab
1176 5382 1256 5462 aliis,
1277 5383 1360 5445 iuste
1380 5381 1534 5444 refellitur
1554 5412 1589 5426 -
1611 5381 1752 5445 ⁸Psalm.

318 5480 505 5560 LXXXIX,
527 5483 610 5560 aar
631 5483 744 5544 Petrus
766 5482 797 5541 in
818 5503 864 5558 cp.
886 5481 929 5558 11,
951 5483 979 5558 3,
1001 5483 1020 5540 8
1040 5512 1076 5522 -
1096 5481 1221 5542 vmulti.
1499 5491 1503 5498 '
