4622 6572
782 620 826 664 oe
850 619 1025 664 strennuus
1048 619 1091 664 ur
1115 619 1223 665 urum
1679 599 1721 664 19

1384 707 1447 716 ...n-

287 861 393 912 sum:
427 842 592 912 “omnes
611 860 732 933 aquae
760 837 931 933 plaudite
958 838 1135 911 manibus
1153 893 1185 924 ,.
1215 837 1314 934 Ergo
1334 838 1415 913 sive
1440 839 1544 934 ipsae
1571 859 1638 936 per
1656 861 1722 912 na-

289 968 418 1038 turam
446 986 554 1038 snam
575 985 697 1058 aquae
718 983 889 1051 amarae;
909 963 988 1038 sive
1008 962 1129 1036 omnis
1148 961 1310 1058 populus
1329 963 1369 1035 in
1389 962 1537 1036 deserto
1563 984 1722 1037 manens

288 1091 327 1162 et
353 1086 522 1162 nondum
551 1087 808 1183 promissionis
840 1090 984 1160 terram
1018 1087 1236 1182 adepturus,
1265 1109 1332 1182 per
1364 1089 1722 1176 murmurationem,

287 1235 385 1309 quae
412 1235 459 1288 ex
485 1215 726 1288 contumacia
744 1213 927 1308 gignitur,
948 1235 1113 1304 amarus
1133 1213 1229 1307 ligni
1247 1215 1484 1286 sacramento
1505 1213 1624 1286 dulcis
1643 1211 1723 1286 efli-

287 1343 398 1430 citur,
419 1341 459 1414 et
477 1363 554 1414 non
573 1340 696 1414 solum
715 1341 762 1412 ab
783 1360 840 1430 eo,
861 1338 962 1434 quod
987 1341 1082 1428 erat,
1104 1339 1242 1429 deficit,
1264 1337 1387 1412 sedin
1407 1339 1542 1414 melius
1563 1340 1603 1414 et
1620 1339 1725 1413 ultra

288 1487 400 1537 usum
419 1465 672 1538 necessarium
692 1466 887 1538 mutatur:
904 1486 981 1537 non
1000 1462 1102 1536 enim
1122 1463 1245 1536 solum
1265 1487 1397 1536 amara
1415 1484 1494 1537 esse
1515 1462 1638 1553 desiit,
1659 1463 1725 1537 sed

290 1587 408 1664 dulcis
427 1589 485 1662 est
503 1587 665 1663 reddita.
687 1587 849 1682 Lignum
869 1609 959 1682 ergo
979 1591 1020 1660 et
1043 1587 1083 1660 in
1101 1590 1342 1682 praesentem
1362 1610 1501 1682 aquam
1530 1591 1724 1684 operatur,

289 1713 330 1784 et
357 1711 398 1784 in
424 1712 573 1807 populis
601 1711 671 1784 sub
699 1733 822 1806 aquae
853 1712 1006 1786 nomine
1040 1711 1268 1806 nuncupatis
1297 1714 1535 1788 sacramento
1568 1712 1726 1787 virtutis

288 1857 381 1909 suae
409 1834 507 1909 utile
539 1836 607 1908 est.
636 1835 681 1908 In
708 1836 780 1909 hoc
806 1835 911 1930 ligno
939 1835 1039 1931 apud
1067 1835 1230 1909 eundem
1258 1835 1416 1931 Moysen
1444 1836 1527 1912 vita
1555 1837 1726 1909 omnium

289 1959 441 2055 pendet,
462 1981 548 2034 cum
568 1959 660 2034 dicit
676 1954 707 2034 ¹:
733 1965 748 1996 ‘⁴
769 1961 954 2035 Videbitis
983 1962 1105 2035 vitam
1132 1965 1301 2037 vestram
1320 1961 1545 2056 pendentem
1571 1962 1611 2034 in
1640 1985 1727 2037 con·

289 2090 418 2182 spectu
440 2088 635 2161 oculorum
655 2089 869 2162 vostrorum
889 2091 1001 2161 nocte
1029 2089 1069 2162 et
1097 2087 1170 2178 die,
1200 2091 1240 2162 et
1267 2087 1466 2178 timebitis,
1495 2090 1535 2162 et
1553 2110 1630 2162 non
1649 2109 1727 2162 cre-

291 2209 388 2284 detis
407 2212 512 2286 vitae
530 2213 681 2285 vestrae
701 2265 732 2297 ,.
753 2209 834 2284 Hoc
853 2210 892 2282 in
912 2233 1046 2306 panem
1069 2210 1170 2306 apud
1189 2209 1419 2286 Hieremiam
1439 2211 1596 2286 inicitur
1621 2202 1725 2286 ita²t

294 2333 450 2432 “Super
484 2357 545 2410 me
586 2337 854 2430 cogitaverunt
891 2337 1161 2431 cogitationem
1196 2336 1381 2411 dicentes:
1424 2337 1561 2412 Venite
1596 2337 1727 2412 inicia-

289 2482 374 2532 mus
397 2457 404 2551 1
428 2458 575 2554 lignum
603 2459 643 2532 in
662 2482 759 2554 pane
778 2460 859 2534 eius
879 2515 911 2548 ,.
932 2461 988 2532 Ex
1007 2462 1078 2534 hac
1097 2463 1257 2536 materie
1276 2461 1385 2555 virga
1405 2464 1475 2554 est,
1495 2483 1626 2558 magos
1646 2462 1729 2536 vin·
1756 2477 1791 2534 18

290 2607 388 2675 cens,
417 2583 656 2659 Pharaonem
676 2588 835 2676 terrens,
857 2585 1075 2682 Aegyptum
1104 2590 1314 2677 contareno,
1335 2609 1441 2661 mare
1460 2586 1646 2678 dividens,
1665 2608 1730 2683 pe·

289 2713 419 2808 lagum
446 2711 662 2802 refundens,
693 2712 838 2785 fontem
867 2714 1032 2803 eliciens
1063 2713 1360 2788 amaritudinem
1388 2713 1571 2803 adimens,
1602 2713 1728 2788 dulce·

291 2839 416 2912 dinem
449 2837 647 2912 tribuens:
681 2837 794 2910 huius
828 2839 929 2912 enim
962 2842 1200 2914 sacramento
1233 2837 1488 2914 mitificantur
1518 2838 1730 2913 infidelium

290 2961 414 3052 corda,
435 2962 553 3035 etiam
580 2983 624 3035 ex
653 2967 895 3057 peccatorum
923 2966 1041 3059 atque
1061 2963 1271 3060 impietatis
1290 2963 1547 3038 amaritudine
1575 2965 1614 3037 in
1643 2947 1731 3038 fidei

292 3085 854 3162 dulcedinemtransferuntur.
885 3087 940 3163 Ac
976 3110 1024 3162 ne
1056 3111 1134 3162 non
1163 3089 1292 3163 omnia
1319 3089 1547 3164 sacramenti
1574 3088 1731 3164 latentis

290 3210 486 3308 effectibus
505 3213 752 3286 convenirent
765 3213 853 3303 illis,
869 3235 968 3308 quae
986 3216 1078 3288 tunc
1098 3215 1340 3308 gerebantur,
1361 3215 1550 3310 scriptura
1570 3214 1731 3289 subiecit

224 3386 232 3392 -
291 3336 437 3410 dicens:
472 3339 488 3372 “
507 3337 565 3410 lbi
589 3338 718 3432 posuit
737 3337 837 3412 Deus
857 3337 1147 3413 iustificationes
1166 3341 1206 3413 et
1233 3338 1385 3430 iudicia,
1415 3343 1456 3414 et
1483 3339 1537 3412 ibi
1564 3341 1731 3434 tempta·

290 3465 349 3538 vit
368 3484 495 3552 eum,.
525 3463 584 3537 Ibi
612 3485 695 3538 cum
727 3463 878 3553 dicitur,
908 3487 985 3538 non
1003 3465 1077 3538 loci
1096 3463 1323 3560 significatio
1343 3468 1402 3538 est
1429 3465 1493 3539 sed
1521 3465 1633 3539 facti:
1654 3488 1732 3539 non

292 3591 392 3662 enim
422 3591 462 3661 in
489 3588 555 3663 illo
574 3587 657 3662 loco
677 3586 776 3660 ullas
796 3586 1061 3683 dispositiones
1080 3589 1409 3680 iustificationum,
1430 3592 1470 3663 et
1490 3588 1731 3680 iudiciorum,

291 3714 331 3786 et
357 3712 657 3807 temptationum
685 3714 818 3785 extare
854 3713 1080 3788 invenimus.
1109 3711 1252 3786 Contra
1284 3734 1375 3787 vero
1411 3712 1453 3786 in
1481 3713 1574 3809 ligni
1607 3735 1731 3788 sacra-

292 3839 433 3926 mento,
463 3836 502 3908 in
532 3859 607 3930 quo
636 3836 823 3910 Dominus
851 3837 1042 3932 pependit,
1063 3837 1101 3908 in
1123 3859 1197 3930 quo
1218 3859 1344 3910 secum
1365 3837 1504 3927 onmia,
1536 3859 1634 3932 quae
1662 3836 1731 3909 hu-

293 3964 395 4034 maui
414 3962 561 4057 generis
589 3961 706 4035 saluti
734 3961 1050 4052 adversabantur,
1071 3962 1218 4052 adfixit,
1239 3965 1279 4036 et
1306 3961 1528 4036 iustificatio
1553 3965 1623 4053 est,
1643 3963 1734 4056 quia

292 4087 412 4162 iustus
426 4111 472 4162 ex
491 4087 564 4161 fide
592 4090 662 4177 est,
691 4089 732 4160 et
761 4088 900 4162 iudicia
928 4090 1038 4176 sunt;
1070 4088 1160 4183 quia
1188 4088 1254 4183 qui
1282 4110 1359 4161 non
1387 4087 1518 4175 crodit,
1538 4088 1617 4160 iarn
1636 4088 1733 4161 iudi·

292 4215 400 4285 catus
428 4215 502 4285 est:
532 4214 571 4284 et
598 4211 803 4305 temptatio
832 4215 902 4302 est,
933 4212 1024 4306 quia
1053 4234 1119 4306 per
1147 4210 1366 4285 scandalum
1393 4210 1512 4284 crucis
1532 4211 1634 4284 salus
1662 4216 1732 4286 est.

292 4337 392 4410 Crux
420 4338 520 4411 enim
540 4337 790 4432 pereuntibus
810 4337 991 4428 stultitia,
1012 4337 1136 4411 virtus
1156 4339 1287 4410 autem
1306 4336 1376 4410 Dei
1396 4335 1437 4408 in
1463 4335 1626 4410 salutem
1655 4357 1733 4411 cre·

292 4463 481 4537 dentibus.
510 4462 647 4556 Itaque
675 4485 761 4537 cum
797 4464 1040 4559 opprobrium
1062 4463 1180 4537 crucis
1199 4462 1405 4558 temptatio
1426 4464 1484 4534 est
1511 4459 1618 4550 fidei;
1648 4484 1733 4536 cum

292 4586 496 4661 infidelitas
511 4610 625 4662 causa
640 4587 769 4660 iudicii
784 4607 791 4674 ;
813 4609 899 4661 cum
915 4587 1005 4662 fides
1025 4585 1307 4670 iustificationis
1322 4589 1380 4660 est
1396 4606 1554 4674 merces;
1570 4586 1710 4660 merito

290 4716 528 4786 sacramento
555 4712 650 4808 ligni
678 4735 817 4806 aquarn
854 4733 899 4787 ex
938 4713 1194 4786 amaritudine
1221 4712 1262 4783 in
1302 4711 1540 4786 dulcedinem
1567 4713 1734 4785 transl·

290 4837 421 4926 nentia,
450 4840 490 4910 et
517 4835 751 4926 iustificatio,
781 4839 821 4910 et
848 4835 1006 4927 iudicia,
1033 4838 1073 4910 et
1109 4835 1315 4930 temptatio
1348 4827 1613 4910 continetur⁴:
1649 4839 1664 4870 “
1684 4835 1734 4908 Et

291 4963 481 5034 venerunt
521 4959 562 5031 in
602 4959 726 5054 Elym,
751 4963 793 5032 et
831 4962 946 5033 erant
972 4959 1027 5032 ibi
1073 4959 1272 5034 duodecim
1313 4960 1438 5034 fontes
1480 4979 1667 5055 aquarum
1695 4963 1736 5033 et

292 5084 539 5180 septuaginta
568 5085 721 5158 arbores
748 5083 975 5180 palmarum,
997 5085 1248 5160 consederunt
1267 5085 1397 5158 autem
1427 5083 1481 5156 ibi
1500 5083 1548 5156 ad
1577 5105 1734 5179 aquas,.
1819 5129 1820 5132 π

294 5209 551 5282 (tonsumatur
578 5231 667 5306 ergo
696 5210 735 5282 in
771 5209 882 5284 rebus
925 5209 1100 5304 gerendis
1133 5207 1329 5304 dispositio
1371 5207 1602 5302 spiritualis3
1645 5233 1735 5282 nam

377 5479 383 5510 ¹
403 5469 530 5532 Denter.
542 5469 700 5549 XXVIII,
709 5471 756 5531 66.
764 5468 857 5548 Vulg.
871 5469 967 5530 «Erit
977 5471 1042 5531 vita
1054 5477 1106 5531 tua
1116 5471 1203 5548 quasi
1215 5468 1353 5550 pendens
1367 5475 1437 5531 ante
1448 5476 1497 5531 te:
1511 5469 1635 5531 timebis
1646 5475 1737 5530 nocte

298 5575 331 5630 et
342 5569 402 5648 die,
415 5577 447 5632 et
456 5590 518 5633 non
528 5569 636 5633 credes
647 5571 730 5632 vitae
741 5575 812 5631 tuae
823 5593 849 5631 2.
863 5605 904 5617 -
919 5579 929 5611 2
944 5569 1081 5632 Hieram.
1094 5571 1153 5647 XI,
1167 5572 1205 5631 19
1219 5605 1253 5616 -
1271 5578 1282 5610 ³
1297 5569 1406 5630 marito
1418 5577 1479 5616 -⁴
1496 5569 1593 5630 Exod.
1604 5569 1676 5647 XV,
1687 5569 1736 5628 27.
