4604 6560
866 739 910 784 nn
934 739 1027 785 noers
1052 737 1188 784 suroris
1682 719 1744 784 123

309 964 413 1038 tibus
442 962 644 1059 diligenter
671 983 737 1058 per
763 983 914 1058 gyrum,
935 963 975 1034 et
993 959 1047 1033 ibi
1065 963 1124 1034 est
1142 959 1321 1054 spelunca
1339 957 1572 1032 lucidissima
1599 958 1744 1032 habens

309 1089 491 1162 altarium
510 1087 550 1161 in
569 1109 613 1162 eo
633 1086 715 1161 loco
732 1081 754 1176 ¹,
784 1086 849 1160 ubi
869 1085 1096 1181 pastoribus,
1117 1107 1202 1158 curn
1222 1083 1372 1179 vigilias
1401 1083 1599 1174 haberent,
1629 1075 1745 1180 appa·

310 1236 397 1289 rens
420 1214 577 1309 angelus
597 1211 845 1285 annuntiavit
864 1211 917 1284 eis
936 1210 1077 1284 Christi
1096 1209 1354 1285 nativitatem.
1376 1207 1421 1281 In
1440 1208 1595 1282 Anatho
1615 1212 1745 1282 autem

312 1343 371 1413 est
397 1339 528 1428 turris
555 1337 596 1411 in
620 1359 696 1433 qua
715 1335 943 1411 lamentavit
962 1335 1141 1410 Ieremias
1160 1333 1370 1429 propheta:
1392 1331 1511 1406 distat
1539 1335 1667 1407 autem
1698 1333 1746 1406 ab

311 1462 517 1538 Ierusalem
546 1461 709 1536 miliario
729 1462 868 1556 quarto
881 1450 905 1533 ².
932 1458 1097 1532 Miliario
1118 1479 1208 1533 vero
1227 1458 1275 1531 ab
1289 1457 1503 1532 'Ierusalem
1523 1456 1746 1530 duodecimo
1864 1458 1871 1472 ‘

311 1591 370 1664 est
389 1587 602 1684 sepulcrum
620 1587 742 1660 sancti
758 1585 874 1659 Amos
890 1585 1109 1680 prophetae,
1126 1583 1192 1678 qui
1212 1582 1315 1657 locus
1331 1582 1547 1678 appellatur
1562 1571 1746 1656 Thecue³.

314 1715 359 1788 ln
386 1735 461 1808 quo
491 1713 628 1787 itinere
656 1715 790 1786 contra
818 1732 926 1784 mons
954 1712 1023 1800 est,
1045 1731 1159 1804 quem
1178 1707 1379 1784 excavavit
1407 1707 1560 1797 ErodeS,
1589 1706 1749 1782 etfacit

313 1841 385 1915 sibi
412 1838 599 1936 palatium
626 1861 741 1933 supra
768 1837 966 1911 heremum
994 1841 1127 1910 contra
1155 1858 1260 1909 mare
1287 1825 1523 1908 mortuum⁴.
1545 1833 1591 1906 ln
1611 1833 1749 1908 Tham-

312 1967 463 2041 nalsare
491 1967 550 2040 est
577 1965 791 2060 sepulcrum
818 1965 941 2036 sancti
968 1962 1053 2036 Iesu
1081 1961 1151 2035 filii
1179 1961 1308 2035 Nave:
1346 1961 1400 2034 ibi
1437 1963 1527 2034 sunt
1565 1963 1605 2034 et
1631 1960 1750 2056 gladii

313 2092 466 2187 petrini,
497 2089 597 2163 unde
617 2086 825 2163 circumcisi
844 2088 936 2160 sunt
955 2085 1024 2159 filii
1043 2085 1161 2160 lsrael
1180 2085 1344 2158 secundo
1360 2079 1393 2157 ⁵:
1416 2084 1570 2159 ecclesia
1585 2107 1674 2159 vero
1696 2085 1748 2158 ibi

313 2218 506 2292 costructa
533 2217 603 2304 est,
632 2213 752 2288 distat
780 2216 911 2287 autem
930 2213 978 2286 ab
998 2211 1206 2287 Ierusalem
1225 2209 1399 2283 miliariis
1427 2210 1574 2304 viginti.
1598 2209 1642 2283 In
1670 2211 1749 2285 alio

315 2347 446 2418 autem
473 2343 604 2414 monte
623 2340 672 2412 ad
691 2339 898 2412 miliarium
918 2336 1126 2412 secundum
1145 2338 1204 2410 est
1223 2335 1390 2424 ecclesia,
1411 2335 1477 2408 ubi
1504 2335 1751 2432 requiescunt

315 2489 473 2564 corpora
501 2469 721 2540 sanctorum
749 2464 921 2538 Eleazari
948 2467 989 2538 et
1007 2463 1139 2536 Finees
1153 2454 1178 2535 ⁶.
1200 2461 1364 2534 Mlliario
1394 2483 1483 2535 vero
1502 2483 1604 2535 nono
1624 2461 1672 2534 ab
1691 2460 1749 2534 Ie·

315 2594 481 2668 rusalem
509 2591 549 2664 in
577 2591 658 2665 loco
688 2590 754 2684 qui
783 2589 922 2663 dicitur
950 2587 1202 2662 Oarathiarim
1217 2578 1243 2678 ⁷,
1274 2586 1340 2660 ubi
1365 2587 1440 2660 fuit
1468 2609 1556 2662 arca
1584 2585 1749 2678 Domini,

316 2716 472 2794 ecclesia
501 2715 590 2788 illuc
618 2718 837 2788 constructa
865 2717 934 2788 est.

397 2843 457 2934 (B.
477 2866 506 2916 c.
527 2843 603 2932 IX)
623 2839 777 2914 Hebron
797 2838 836 2912 in
856 2839 977 2936 campi
997 2837 1204 2913 latitudine
1224 2837 1311 2928 sita,
1332 2841 1372 2912 et
1391 2837 1438 2912 ab
1458 2837 1664 2912 Ierusalem
1693 2835 1749 2912 vi·

316 2968 414 3065 giuti
442 2967 589 3040 duobus
617 2966 771 3040 milibus
790 2967 978 3060 separata,
998 2987 1074 3038 uno
1094 2963 1143 3037 ad
1162 2963 1350 3039 orientem
1378 2963 1502 3036 stadio
1530 2963 1748 3058 speluncam

317 3094 504 3192 duplicem
532 3091 660 3182 habet,
689 3089 756 3164 ubi
782 3090 955 3186 sepulcra
992 3089 1296 3184 patriarcharum
1324 3088 1512 3184 quadrato
1540 3109 1650 3161 muro
1678 3086 1750 3162 cir-

400 3315 409 3350 ¹
431 3315 481 3376 Ibi
501 3333 595 3394 prope
617 3319 684 3374 erat
704 3311 799 3374 turris
820 3312 907 3373 Ader
928 3313 1067 3392 (Peregr.
1091 3312 1121 3372 S.
1143 3311 1260 3374 Paulae
1280 3313 1300 3391 ἓ
1321 3314 1370 3390 9)ε
1392 3319 1424 3373 et
1444 3311 1606 3374 ecelesiam
1631 3317 1673 3375 ad
1696 3317 1754 3375 Pa·

318 3422 415 3477 stores
427 3414 548 3475 Helena
559 3411 732 3474 Oostantini
744 3420 843 3471 mater
856 3410 1035 3471 aedificasse
1047 3410 1181 3471 traditur
1194 3411 1329 3492 (Calmet
1338 3411 1420 3471 Dict.
1436 3410 1518 3471 Bibl.
1539 3411 1573 3472 in
1593 3433 1623 3472 v.
1644 3412 1753 3492 Ades.)

398 3513 410 3549 ²
430 3511 590 3574 Anathoth
609 3512 683 3572 urbs
704 3509 817 3588 refugii
830 3510 920 3588 juxta
934 3507 1101 3569 Eusebium
1115 3509 1155 3569 ad
1169 3508 1309 3587 quintum
1323 3509 1460 3570 distabat
1475 3510 1513 3570 ab
1527 3510 1754 3589 HierosolymIs

317 3612 416 3673 tribus
436 3611 583 3672 millibus.
604 3610 693 3671 Idem
713 3609 829 3686 legitur
848 3608 881 3669 in
901 3608 1092 3685 Hieronymo
1115 3607 1167 3688 (ad
1187 3608 1377 3670 HieremIam
1397 3629 1462 3686 cap.
1484 3609 1556 3688 31):
1587 3609 1649 3670 «A
1669 3616 1753 3672 turre

318 3710 488 3786 Anathoth,
499 3727 578 3787 quae
586 3706 677 3770 hodie
689 3707 863 3786 appellatur
874 3705 1060 3784 Hieremiae,
1069 3707 1170 3768 tribus
1182 3708 1220 3767 ab
1231 3706 1429 3769 Hierusalem
1436 3707 1574 3770 millibus
1581 3715 1753 3788 separata».

319 3808 512 3871 Theodosius
534 3807 575 3887 (ga
599 3807 647 3886 lb)
670 3805 778 3867 scribit
799 3805 896 3866 millia
918 3825 981 3866 sex.

399 3905 411 3942 ³
430 3905 520 3966 Idem
538 3903 736 3965 intervallum
750 3902 876 3964 adnotat
890 3903 1043 3966 Eusebius
1060 3904 1093 3965 in
1107 3903 1173 3966 loco
1195 3905 1334 3984 Elthece,
1355 3904 1408 3966 ubi
1430 3903 1498 3967 eius
1519 3913 1623 3967 aetate
1644 3905 1754 3986 sepul-

319 4025 402 4066 crum
422 4004 519 4065 Amos
540 4001 768 4064 ostendebatur.
1525 4013 1530 4021 “

397 4101 500 4162 ⁴Non
519 4102 612 4179 longe
632 4121 651 4160 a
671 4100 793 4161 Thecue
824 4101 968 4163 Herodes
988 4123 1043 4163 rex
1074 4103 1135 4164 sibi
1155 4103 1459 4181 magnificentissime
1498 4104 1633 4165 extruxit
1653 4123 1754 4166 arcem

320 4211 352 4264 et
371 4200 521 4282 palatium
542 4207 575 4261 et
595 4200 769 4279 sepulcrum
791 4201 926 4280 (Ioseph.
947 4201 1028 4262 Bell.
1050 4202 1070 4263 l.
1092 4220 1121 4265 v.
1143 4223 1168 4263 o.
1192 4204 1233 4284 7),
1265 4222 1344 4280 quae
1366 4203 1467 4264 omnia
1486 4203 1519 4264 in
1549 4203 1628 4264 colle
1653 4223 1756 4266 manu·

319 4301 401 4362 facto
423 4306 529 4360 contra
550 4305 683 4360 montem
704 4299 818 4360 arabici
849 4298 959 4366 limitis
986 4299 1133 4362 excitavit
1160 4300 1388 4379 appellavitque
1418 4299 1592 4362 Heredium
1618 4299 1754 4381 (Ioseph.

320 4400 400 4461 Bell.
421 4399 448 4477 I,
464 4399 524 4478 16).
547 4397 580 4458 Si
601 4418 674 4475 ergo
696 4398 746 4473 iis,
767 4417 846 4475 qnae
876 4397 1029 4476 Iosephus
1049 4398 1182 4476 rettulit,
1204 4395 1301 4460 addas
1332 4419 1409 4478 quae
1429 4398 1480 4460 hic
1500 4399 1655 4477 leguntur,
1677 4399 1758 4478 posi·

321 4498 436 4559 tionem
456 4495 586 4556 Herodii
605 4495 718 4556 melius
739 4514 829 4572 quam
850 4501 942 4556 antea
962 4495 1079 4574 poteris
1100 4502 1248 4557 statuere.

401 4595 413 4631 ⁵
434 4595 632 4673 Peregrinae,
654 4615 747 4672 quum
768 4594 836 4655 loca
855 4593 937 4654 circa
957 4599 989 4655 et
1002 4601 1088 4656 trans
1099 4594 1308 4656 Ieriohuntem
1322 4595 1499 4672 lustrasset,
1525 4602 1681 4656 ostensum
1707 4601 1758 4656 est

321 4695 353 4755 in
374 4693 576 4755 Thamatsare
597 4695 771 4773 sepulcrum
782 4695 884 4770 Iosue,
901 4694 961 4772 ubi,
977 4695 1004 4755 si
1019 4713 1161 4772 graecam
1176 4695 1397 4770 traslationem,
1412 4701 1447 4755 ut
1461 4693 1537 4755 fecit
1556 4695 1633 4772 ipsa,
1649 4713 1756 4771 sequa·

321 4815 398 4871 mur,
419 4793 511 4854 cultri
531 4792 645 4872 petrini
665 4793 795 4872 repositi
815 4801 886 4854 sunt
908 4793 1071 4872 (Septuag.
1092 4793 1194 4869 Iosue,
1215 4813 1280 4871 cap.
1296 4793 1419 4870 XXIV,
1438 4812 1467 4853 v.
1489 4793 1532 4873 3).
1553 4792 1756 4855 Thamatsare

321 4901 423 4953 antem
444 4899 511 4952 erat
535 4915 551 4950 c
572 4892 634 4954 sita
652 4891 685 4952 in
705 4899 818 4968 monte,
840 4891 891 4970 qui
912 4891 1060 4969 Ephraim
1081 4913 1099 4952 a
1119 4891 1356 4970 septentrionali
1377 4897 1465 4971 parte
1486 4891 1600 4952 montis
1621 4892 1712 4953 Gaas.
1737 4914 1753 4950 a

323 4991 477 5053 Eusebius
500 4991 545 5072 (in
565 5011 594 5052 v.
617 4991 712 5072 Gaas)
735 4993 910 5072 sepulerum
941 4991 1015 5052 Iesu
1035 4991 1132 5069 Nave,
1155 4991 1237 5068 quod
1259 5011 1313 5052 suo
1346 4999 1484 5070 tempore
1516 4991 1685 5069 visebatur,
1707 5012 1759 5072 ap·

322 5091 420 5168 pellat
439 5088 572 5167 insigne.

403 5187 506 5248 ⁶N0n
526 5187 559 5247 in
579 5193 681 5248 monte
702 5187 845 5266 superius
875 5193 1043 5248 memerato
1066 5186 1121 5248 sed
1141 5187 1174 5246 in
1205 5187 1265 5247 alio
1286 5187 1424 5267 proximo
1452 5184 1572 5248 duobus
1604 5184 1758 5247 milliariis

325 5306 343 5347 a
363 5285 610 5346 Thamnasarach
631 5291 697 5346 erat
718 5285 857 5362 ecclesia,
879 5287 911 5346 in
931 5306 993 5363 qna
1013 5307 1140 5366 corpora
1161 5287 1362 5363 quiescebant
1383 5286 1523 5347 Eleazari
1536 5285 1593 5344 filii
1608 5286 1711 5346 Aaron
1726 5291 1760 5346 et

325 5382 383 5444 filii
401 5383 449 5444 sui
469 5383 616 5461 Phineas,
637 5382 690 5460 qui
711 5383 828 5461 sepulti
848 5382 975 5444 fuerunt
998 5384 1032 5445 in
1052 5391 1155 5445 monte
1176 5384 1324 5462 Ephraim
1346 5384 1450 5465 (Iosue
1470 5404 1495 5445 c.
1518 5383 1623 5460 XXV,
1644 5404 1674 5446 v.
1696 5382 1758 5462 15).

325 5481 538 5560 Peregrinatio
561 5481 591 5542 S.
613 5482 730 5542 Paulae
750 5483 770 5560 ξ
792 5482 849 5558 15,
873 5483 982 5543 «alter
1002 5483 1133 5544 Eleazar
1152 5483 1184 5543 in
1205 5482 1312 5543 Gabea
1324 5505 1350 5542 ›.

404 5579 415 5614 ⁷
437 5581 549 5642 Euseb.
571 5579 603 5639 in
625 5599 653 5640 v.
670 5578 887 5640 Cariatharim:
905 5580 1080 5642 «euntibus
1094 5581 1132 5640 ab
1147 5579 1239 5641 Aelia
1251 5579 1425 5660 Diospolim
1438 5579 1471 5642 in
1485 5579 1628 5642 milliario
1643 5600 1722 5641 nono
1731 5602 1759 5638 a·
