4604 6560
704 733 749 779 sn
772 731 858 780 roos
881 730 1010 778 ersom
1031 730 1086 778 ss·
1110 734 1210 778 sesses
1635 717 1677 782 99

238 951 279 1026 in
306 951 502 1026 ecclesiam
535 952 719 1027 maiorem
752 973 838 1026 cum
875 951 942 1026 eis.
970 950 1044 1027 Ubi
1072 951 1183 1026 iuxta
1211 953 1525 1028 consuetudinem
1555 951 1679 1028 omnis

237 1075 401 1172 populus
427 1075 585 1171 vigilat:
606 1079 777 1173 aguntur
794 1077 860 1170 ibi,
881 1099 979 1174 quae
999 1077 1284 1152 consuetudinis
1303 1081 1362 1152 est
1385 1077 1504 1152 etiam
1523 1081 1564 1152 et
1583 1078 1680 1175 aput

238 1192 328 1275 nos¹
358 1203 399 1276 et
425 1200 529 1276 facta
556 1201 753 1277 oblatione
779 1201 824 1277 fit
851 1203 978 1276 missa.
1008 1201 1059 1276 Et
1086 1204 1173 1297 post
1200 1201 1304 1276 faeta
1322 1202 1438 1278 missa
1457 1204 1679 1298 vigiliarum

238 1326 279 1397 in
305 1325 463 1400 ecclesia
490 1325 648 1418 maiore,
677 1327 812 1402 statim
839 1348 926 1403 cum
944 1327 1072 1424 ymnis
1091 1327 1248 1403 venitur
1266 1328 1316 1401 ad
1335 1326 1544 1403 anastase:
1566 1331 1606 1404 et
1624 1328 1679 1403 ibi

239 1450 365 1525 denuo
393 1449 536 1546 legitur
562 1451 629 1526 ille
656 1452 762 1528 locus
789 1452 980 1549 evangelii
1015 1453 1317 1529 resurrectionis.
1352 1453 1417 1527 Fit
1452 1453 1600 1544 oratio;
1638 1456 1678 1529 et

240 1574 365 1651 denuo
393 1571 529 1650 offeret
554 1577 771 1672 episcopus;
804 1577 872 1652 sed
898 1579 1028 1653 totum
1059 1578 1109 1654 ad
1142 1569 1409 1655 momentum²
1441 1577 1487 1652 fit
1520 1581 1677 1675 propter

238 1700 434 1796 populum,
463 1722 512 1774 no
541 1701 688 1776 diutius
716 1701 906 1794 tardetur,
935 1705 976 1778 et
1003 1703 1055 1778 sic
1082 1702 1161 1776 iam
1189 1703 1409 1778 dimittetur
1428 1703 1603 1800 populus.
1623 1702 1681 1776 Da

240 1828 371 1900 autem
399 1826 494 1900 bora
520 1825 566 1900 fit
594 1826 709 1901 missa
738 1827 957 1923 vigiliarum
984 1831 1066 1924 ipsa
1093 1827 1166 1920 die,
1196 1851 1272 1924 qua
1299 1830 1396 1903 hora
1414 1831 1455 1902 et
1473 1830 1570 1923 aput
1596 1848 1678 1901 nos,

320 1949 412 2025 Sero
440 1954 571 2026 autem
599 1951 657 2026 illi
681 1951 761 2026 dies
781 1953 976 2047 paschales
995 1953 1048 2029 sic
1068 1953 1337 2045 attenduntur,
1358 1952 1681 2050 quemadmodum

241 2076 358 2150 etad
384 2098 475 2151 nos:
504 2079 544 2152 et
571 2076 715 2152 ordine¹
732 2100 801 2152 suo
829 2077 929 2151 fiunt
956 2077 1094 2152 missae
1127 2099 1195 2174 per
1230 2081 1317 2154 octo
1354 2079 1434 2153 dies
1471 2075 1679 2173 paschales,

241 2200 341 2276 sicut
368 2203 409 2276 et
436 2201 576 2297 ubique
603 2201 649 2276 fit
675 2202 815 2298 pascha
842 2224 963 2298 usque
990 2202 1040 2276 ad
1067 2204 1236 2279 octavas.
1264 2201 1337 2278 Hic
1364 2204 1497 2276 autem
1520 2201 1600 2298 ipse
1619 2221 1679 2274 or-

174 2347 185 2370 ·
241 2328 455 2418 natusest,
484 2328 525 2401 at
553 2326 635 2422 ipsa
662 2325 898 2423 compositio,
927 2329 968 2400 et
993 2347 1062 2423 per
1089 2329 1175 2402 octo
1205 2325 1283 2402 dies
1312 2325 1486 2422 paschae,
1514 2345 1612 2420 quae
1640 2326 1681 2398 et

242 2471 311 2544 per
335 2449 551 2547 epiphania,
579 2451 662 2525 tam
690 2451 730 2526 in
756 2452 914 2527 ecclesia
940 2451 1096 2544 maiore,
1116 2475 1232 2548 quam
1252 2451 1522 2542 adhnastase,
1542 2449 1681 2554 autad
1729 2437 1731 2442 ’

243 2572 411 2666 Crucem
439 2574 597 2668 veliin
623 2575 779 2668 Eleous,
808 2577 872 2652 sed
900 2579 941 2651 et
966 2577 1007 2651 in
1034 2577 1244 2668 Bethleem,
1280 2598 1350 2652 nec
1386 2599 1464 2650 non
1493 2577 1612 2651 etiam
1639 2575 1679 2648 in
1707 2575 1743 2630 69

242 2697 415 2791 hazariu,
443 2700 505 2776 vel
533 2701 687 2797 ubique,
716 2705 807 2799 quia
834 2701 913 2778 dios
940 2701 1136 2796 paschales
1164 2704 1267 2776 sunt.
1296 2701 1521 2776 Proceditur
1547 2701 1680 2774 autem

242 2821 324 2917 ipsa
352 2822 413 2898 die
440 2823 630 2900 dominica
657 2826 782 2922 prima
807 2825 849 2899 in
868 2824 1024 2900 ccclesia
1042 2825 1200 2916 maiore,
1220 2823 1259 2898 id
1278 2827 1340 2898 est
1358 2823 1407 2898 ad
1425 2823 1679 2920 Martyrium:

242 2951 283 3021 et
310 2949 475 3023 secunda
502 2949 610 3042 feria,
639 2955 680 3024 et
707 2951 826 3025 tertia
854 2950 960 3040 feria,
985 2949 1052 3024 ubi
1079 2950 1137 3024 ita
1154 2954 1300 3042 tamen,
1320 2953 1367 3024 ut
1386 2971 1545 3045 semper,
1565 2950 1682 3024 missa

241 3071 345 3147 iacta
365 3072 411 3147 de
431 3074 631 3170 Martyria
652 3074 701 3148 ad
720 3073 909 3150 Anastase
928 3074 1108 3150 veniatur
1127 3097 1214 3150 cum
1241 3073 1393 3171 ymnis„
1409 3073 1557 3162 Quarta
1584 3073 1681 3148 feria

243 3199 375 3272 autem
401 3197 443 3272 in
461 3197 606 3274 Eleona
624 3199 863 3295 proceditur:
884 3199 1022 3296 quinta
1040 3199 1136 3275 feria
1154 3199 1203 3273 ad
1222 3199 1429 3275 Anastase:
1455 3203 1565 3275 sexta
1583 3199 1680 3275 feria

161 3313 170 3326 '
242 3323 283 3394 in
302 3320 422 3419 Syon:
442 3323 604 3399 sabbato
623 3327 714 3398 ante
734 3323 872 3401 cruce:
893 3324 1082 3401 dominica
1110 3326 1243 3400 autem
1271 3323 1344 3415 die,
1365 3324 1405 3398 id
1433 3329 1493 3400 est
1520 3325 1680 3415 octavis,

243 3445 368 3521 denuo
395 3447 436 3521 in
462 3449 620 3524 ecclesia
648 3449 803 3540 maiore,
832 3449 871 3523 id
899 3453 959 3524 est
986 3449 1034 3525 ad
1062 3449 1305 3547 Martyrium.
1325 3449 1421 3546 Ipsis
1441 3451 1574 3525 autem
1594 3452 1681 3525 octo

244 3571 376 3646 diebus
402 3572 651 3668 paschalibus
671 3573 843 3671 quotidie
870 3577 958 3672 post
983 3574 1189 3671 prandium
1216 3573 1414 3670 episcopus
1451 3596 1539 3649 cum
1576 3573 1681 3648 omni

243 3695 343 3771 clero
369 3700 411 3772 et
438 3697 614 3774 omnibus
641 3699 867 3791 infantibus,
896 3699 936 3773 id
963 3701 1023 3776 est
1050 3699 1117 3796 qui
1144 3699 1331 3794 baptizati
1359 3698 1515 3791 fuerint,
1541 3701 1582 3772 et
1600 3719 1680 3772 om·

241 3822 376 3913 nibus,
405 3823 472 3918 qui
509 3824 747 3920 apotactitae
774 3827 866 3899 sunt
892 3823 968 3900 viri
995 3845 1039 3898 ac
1067 3823 1253 3915 feminac,
1281 3845 1351 3898 nec
1381 3845 1460 3898 non
1494 3823 1613 3898 etiam
1642 3825 1683 3896 at

123 4019 126 4024 ,
242 3945 290 4020 de
307 3946 428 4043 plebe,
448 3950 587 4045 quanti
605 3950 753 4040 volunt,
774 3950 814 4021 in
833 3948 977 4023 Eleona
996 3947 1213 4023 ascendent.
1234 3947 1424 4023 Dicuntur
1443 3947 1562 4044 ymni,
1582 3947 1684 4021 fiunt

242 4071 448 4164 orationes,
467 4073 609 4147 tamin
628 4073 797 4165 ecclesia,
818 4094 917 4169 quae
936 4074 976 4146 in
994 4072 1139 4149 Eleona
1158 4074 1229 4164 est,
1249 4073 1291 4146 in
1310 4097 1386 4168 qua
1405 4075 1465 4146 est
1489 4072 1681 4168 spelunca,

243 4195 284 4269 in
312 4187 415 4292 qua³
443 4198 604 4274 docebat
623 4197 736 4273 Jasus
755 4197 979 4294 discipulos:
1000 4200 1082 4271 tam
1110 4198 1229 4272 etiam
1256 4197 1297 4270 in
1325 4197 1536 4288 Imbomon,
1566 4196 1684 4270 idest

243 4318 284 4392 in
311 4341 357 4394 eo
384 4320 481 4414 loco,
510 4321 659 4419 dequo
688 4321 872 4398 Dominus
900 4321 1071 4397 ascendit
1107 4321 1148 4395 in
1180 4319 1307 4396 coelis.
1346 4320 1397 4395 Et
1434 4323 1683 4416 posteaquam

244 4445 510 4549 dictihfuerint
528 4448 676 4544 psalmi,
696 4449 738 4524 et
756 4447 881 4523 oratio
900 4447 1004 4523 facta
1022 4446 1152 4539 fuerit,
1174 4446 1262 4523 inda
1280 4466 1401 4542 usque
1420 4445 1469 4520 ad
1495 4443 1683 4520 Anastase

324 4762 333 4801 ¹
348 4763 454 4843 Usque
475 4763 515 4827 ad
535 4764 667 4828 mediam
686 4771 809 4828 noctem
822 4763 954 4845 populus
968 4764 1001 4826 in
1015 4763 1145 4827 ecclesia
1158 4762 1319 4843 vigilabat,
1334 4783 1406 4825 nam
1421 4763 1515 4826 etiam
1527 4763 1561 4824 in
1575 4763 1683 4826 ordine

241 4883 368 4925 romano
387 4863 518 4941 legitur:
542 4865 608 4926 «In
627 4863 738 4942 vigilia
756 4863 1007 4926 Resurrectionis
1027 4861 1154 4923 Domini
1174 4868 1248 4923 ante
1268 4861 1402 4924 mediam
1421 4869 1545 4925 noctem
1558 4866 1684 4923 nonest

241 4959 447 5022 dimittendus
467 4961 599 5040 populus
619 4960 705 5022 iuxta
724 4979 872 5022 canonum
889 4958 1103 5022 sanctiones.»
1120 4959 1163 5018 Et
1177 4966 1267 5020 antea
1281 4959 1312 5020 S.
1326 4957 1536 5039 Hieronymus
1551 4958 1591 5020 ad
1604 4958 1682 5019 Lae·

242 5065 306 5120 tam
326 5057 466 5137 scripsit:
491 5058 557 5119 ‹In
578 5058 629 5121 die
642 5057 819 5138 vigiliarum
832 5057 983 5134 Paschae,
998 5064 1068 5120 aute
1081 5056 1182 5119 noctis
1197 5056 1361 5118 dimidium
1375 5057 1505 5138 populos
1518 5055 1683 5118 demittere

243 5177 306 5218 non
326 5155 438 5218 licet»

322 5254 550 5318 ’Festinanter
569 5255 614 5317 iit.

323 5351 448 5433 ⁸Supor
467 5374 498 5416 v.
518 5359 554 5415 tn
573 5373 637 5432 quo
658 5354 793 5434 scriptus
814 5361 863 5416 est
883 5375 922 5416 ex
943 5354 1095 5416 contrario
1115 5375 1211 5418 nexus
1233 5355 1361 5417 duarum
1381 5353 1556 5416 litterarum
1573 5350 1684 5413 uncia-

242 5449 326 5530 lium,
347 5450 412 5529 Pu,
427 5451 549 5514 duobus
568 5450 693 5532 punctis
714 5451 929 5532 superpositis,
944 5473 1023 5531 quae
1036 5453 1159 5516 litterae
1180 5453 1317 5516 initiales
1338 5460 1410 5515 sunt
1430 5449 1572 5515 vocabuli
1595 5449 1684 5511 ‹Pe-

244 5546 452 5625 regrinatio.»
1336 5544 1346 5560 ⁰
1374 5543 1383 5560 ⁰
1520 5537 1539 5570 ”·
1555 5539 1576 5570 ’“
