4604 6560
702 705 746 750 au
769 701 855 751 roos
878 703 1005 752 senous
1028 704 1083 754 un.
1106 708 1209 752 ese-ese
1634 687 1677 754 97

237 923 286 998 ad
313 924 449 996 horam
477 926 627 998 sextam
664 924 787 998 omnis
823 924 987 1021 populus
1024 924 1167 1000 transit
1197 945 1266 1021 per
1297 947 1418 998 unum
1450 923 1593 1000 ostium
1621 924 1681 999 in·

235 1053 346 1123 trans
373 1070 441 1144 per
468 1049 656 1124 alterum:
684 1071 752 1146 per
779 1049 946 1124 alterum
985 1050 1180 1146 pereriens
1196 1040 1219 1141 ¹,
1249 1050 1430 1145 quoniam
1458 1049 1530 1126 hoo
1562 1051 1603 1123 in
1635 1071 1680 1126 eo

236 1173 319 1248 looo
347 1172 404 1265 fit,
433 1173 577 1270 inquo
606 1174 738 1270 pridie,
768 1173 894 1250 idest
925 1175 1063 1270 quinta
1090 1175 1199 1269 feria,
1228 1175 1374 1249 oblatio
1403 1175 1506 1250 faeta
1534 1178 1604 1250 est.
1628 1174 1683 1249 At
1751 1201 1754 1208 ·

238 1298 305 1373 ubi
333 1321 419 1374 eum
446 1300 556 1375 sexta
583 1301 678 1374 hora
706 1322 746 1374 se
773 1299 917 1391 fecerit,
947 1301 1000 1375 sio
1028 1302 1108 1374 itur
1138 1302 1228 1376 ante
1258 1299 1431 1392 Crucem,
1450 1301 1532 1376 sive
1550 1301 1683 1397 pluvia

237 1423 317 1500 sive
345 1426 449 1541 petus
477 1423 528 1498 sit
539 1444 548 1512 ;
578 1425 670 1519 quia
688 1423 768 1520 ipse
787 1424 896 1498 locus
923 1425 1160 1501 subdivanus
1181 1427 1252 1516 est,
1272 1425 1311 1498 id
1331 1428 1390 1502 est
1409 1425 1518 1521 quasi
1537 1426 1682 1499 atrium

240 1547 353 1625 valde
370 1549 515 1646 grande
533 1553 574 1624 et
592 1548 795 1645 pulchrum
815 1549 921 1640 satis,
941 1549 1045 1646 quod
1063 1553 1122 1625 est
1140 1551 1242 1626 inter
1260 1549 1378 1626 Oruos
1397 1552 1438 1626 et
1456 1543 1683 1626 Anastase²t

240 1672 296 1746 ibi
323 1695 413 1771 ergo
441 1674 565 1749 omnis
592 1674 756 1769 populus
776 1695 816 1749 se
842 1674 1007 1770 colliget,
1028 1676 1149 1748 itaut
1167 1695 1237 1750 neo
1255 1665 1424 1771 aperiri³
1442 1675 1574 1771 possit.
1594 1674 1683 1770 Epi-

240 1820 353 1894 scopo
380 1802 512 1874 autem
540 1799 723 1874 cathedra
750 1799 908 1894 ponitur
935 1802 1026 1874 ante
1054 1799 1193 1874 Grues:
1223 1809 1264 1873 et
1292 1799 1339 1876 de
1366 1800 1473 1874 sexta
1492 1821 1613 1894 usque
1633 1800 1683 1873 ad

241 1946 343 1998 nona
372 1923 479 1998 aliud
505 1923 601 1997 nihil
630 1923 687 2014 fit,
715 1923 789 1998 nisi
816 1925 998 2020 leguntur
1019 1922 1204 1999 lectiones
1224 1923 1297 1998 sie:
1320 1924 1360 1997 id
1378 1927 1447 2016 est,
1466 1925 1523 1998 ita
1541 1923 1686 2020 legitur

242 2049 388 2145 primus
416 2047 462 2123 de
488 2048 657 2143 psalmia,
687 2049 917 2144 ubicumque
945 2047 991 2122 de
1020 2049 1194 2143 passione
1219 2047 1374 2122 Domini
1393 2049 1557 2144 legitur;
1579 2051 1620 2124 et
1639 2047 1686 2123 de

242 2173 416 2270 apostolo
444 2174 525 2250 sive
553 2173 600 2248 de
627 2173 799 2269 epistolis
818 2171 1094 2269 apostolorum,
1114 2173 1177 2248 vel
1196 2172 1242 2248 de
1262 2173 1490 2264 actionibus,
1511 2172 1685 2247 ubicum-

243 2320 317 2393 que
345 2297 392 2374 de
418 2299 592 2393 passione
619 2297 775 2372 Domini
802 2297 1000 2388 dixerunt,
1028 2317 1097 2372 neo
1115 2317 1193 2372 non
1211 2297 1258 2371 de
1277 2296 1484 2392 evangeliis
1502 2296 1686 2389 leguntur

243 2423 337 2512 looa,
366 2422 433 2497 ubi
460 2423 628 2519 patitur:
657 2423 752 2498 item
775 2422 920 2517 legitur
948 2421 995 2496 de
1020 2423 1228 2520 prophetis,
1248 2421 1315 2496 ubi
1334 2444 1536 2518 passurum
1555 2421 1686 2495 Domi·
1726 2449 1727 2454 ¹

243 2570 338 2620 num
366 2547 568 2622 dixerunt:
597 2547 693 2621 item
720 2546 863 2642 legitur
891 2545 937 2620 de
966 2547 1188 2642 evangeliis,
1223 2546 1292 2620 ubi
1329 2547 1543 2642 passionem
1580 2545 1685 2620 dicit.

245 2671 301 2746 Aa
328 2673 381 2747 sio
408 2693 499 2768 ergo
528 2673 578 2746 ab
606 2673 702 2746 hora
729 2673 839 2746 sexta
866 2693 985 2776 usque
1020 2672 1070 2745 ad
1101 2673 1237 2745 horam
1272 2691 1414 2744 nonam
1452 2692 1598 2768 semper
1635 2669 1687 2744 sio

251 2797 433 2892 leguntur
450 2796 645 2888 lectiones,
667 2799 736 2871 aut
757 2796 937 2871 dicuntur
956 2797 1075 2895 ymni,
1096 2799 1142 2872 ut
1159 2795 1386 2872 ostendatur
1408 2795 1513 2870 omni
1535 2793 1687 2892 populo,

249 2922 342 3018 quia
368 2921 549 3018 quioquid
576 2921 756 2998 dixerunt
783 2921 991 3016 prophetae
1019 2921 1195 2996 futurum
1233 2920 1280 2994 de
1316 2921 1490 3016 passione
1521 2918 1688 3010 Domini,

248 3046 475 3120 ostendatur
501 3049 584 3120 tam
613 3067 680 3142 per
709 3046 909 3142 evangelia
927 3069 1044 3143 quam
1067 3046 1185 3120 etiam
1204 3067 1273 3140 per
1291 3045 1553 3140 apostolorum
1572 3042 1688 3140 scrip·

251 3173 359 3244 tures
372 3170 518 3245 iactum
538 3191 629 3246 esse.
648 3170 701 3244 Et
718 3171 771 3246 sio
791 3191 858 3267 per
876 3171 962 3246 illas
981 3173 1060 3246 tres
1079 3171 1192 3276 horas
1212 3168 1371 3244 docetur
1384 3169 1547 3266 populus
1566 3167 1690 3244 omnis

247 3296 345 3370 nihil
373 3295 518 3371 fastum
547 3317 641 3386 esse,
670 3294 772 3392 quod
799 3318 877 3370 non
904 3296 1010 3392 prius
1038 3294 1183 3369 dietum
1209 3293 1272 3385 sit,
1292 3295 1333 3368 et
1350 3295 1448 3368 nihil
1466 3293 1612 3370 dietum
1630 3294 1692 3368 est

248 3421 290 3496 et
316 3420 419 3516 quod
446 3443 523 3494 non
551 3423 680 3496 totum
707 3421 939 3516 completum
967 3420 1030 3494 sit.
1056 3419 1061 3508 Ι
1087 3417 1242 3515 Semper
1275 3418 1575 3514 interponuntur
1603 3438 1689 3493 ora·
1718 3427 1754 3484 ee

248 3545 386 3636 tiones,
414 3567 514 3642 quae
541 3545 734 3621 orationes
762 3546 803 3621 et
828 3547 933 3640 ipsae
961 3547 1075 3641 aptae
1103 3543 1180 3616 diei
1207 3545 1310 3618 sunt.
1331 3542 1390 3616 Ad
1419 3541 1589 3638 singulas
1623 3563 1692 3616 au·

249 3673 328 3746 tem
356 3670 538 3747 lectiones
566 3673 607 3745 et
635 3671 829 3746 orationes
855 3673 991 3744 tantus
1019 3668 1178 3743 affectus
1206 3669 1247 3744 et
1272 3668 1438 3764 gemitus
1465 3667 1588 3742 totius
1624 3689 1691 3764 po·

250 3792 332 3889 puli
359 3797 430 3883 est,
458 3796 505 3867 ut
531 3794 673 3868 mirum
691 3795 762 3869 sit:
781 3817 872 3868 nam
890 3792 1021 3868 nullus
1042 3797 1102 3868 est
1119 3815 1244 3890 neque
1264 3794 1387 3867 maior
1405 3814 1529 3889 neque
1552 3791 1690 3883 minor,

252 3917 317 4013 qui
346 3919 385 3992 in
412 3918 480 3992 illa
509 3917 569 3994 die
596 3919 672 3992 illis
700 3919 826 3993 tribus
853 3919 958 3993 horis
986 3921 1140 3992 tantum
1160 3918 1296 4015 ploret,
1317 3921 1506 4014 quantum
1524 3939 1593 3992 nec
1612 3917 1690 3991 exi·

252 4043 400 4116 stimari
417 4045 554 4140 potest,
575 4042 781 4118 Dominum
800 4067 868 4140 pro
889 4043 997 4118 nobis
1016 4065 1063 4116 ea
1080 4065 1235 4138 passum
1254 4041 1389 4116 fuisse
1403 4041 1496 4116 Post
1515 4042 1587 4116 hoo
1605 4061 1691 4114 eum

251 4167 395 4261 oeperit
422 4187 461 4240 se
488 4165 566 4240 iam
593 4167 688 4240 hora
715 4189 818 4241 nona
842 4167 977 4257 faeere,
1007 4166 1150 4262 legitur
1178 4167 1255 4239 iam
1282 4166 1348 4240 ille
1375 4166 1480 4240 loeus
1500 4166 1546 4240 de
1575 4186 1693 4240 evan-

252 4291 351 4384 gelio
379 4294 467 4364 eata
495 4290 719 4382 Iohannem,
747 4291 815 4366 ubi
842 4289 1009 4365 reddidit
1037 4291 1233 4386 spiritum:
1273 4313 1349 4384 quo
1385 4290 1497 4381 lecto,
1533 4291 1612 4363 iam
1649 4287 1695 4361 fit

255 4415 379 4490 oratio
408 4420 450 4489 et
475 4415 603 4489 missa.
632 4415 686 4489 At
713 4416 781 4491 ubi
808 4417 940 4490 autem
968 4416 1083 4490 missa
1102 4414 1206 4488 faeta
1231 4414 1349 4490 fuerit
1368 4413 1415 4488 de
1444 4415 1535 4488 ante
1563 4413 1693 4506 Oruoe,

253 4539 388 4614 statim
415 4539 544 4614 omnia
572 4539 612 4613 in
639 4539 797 4616 eeclesia
824 4540 969 4615 maiore
997 4540 1047 4615 ad
1075 4539 1308 4636 Martyrium
1328 4541 1499 4634 aguntur
1518 4560 1575 4626 ea,
1595 4559 1695 4634 quae

339 4945 348 4984 ¹
365 4946 489 5012 Ostium
510 4957 577 5012 orat
596 4954 787 5028 argenteum,
808 4954 843 5008 ut
865 4967 903 5008 ex
923 4943 1100 5008 Breviorio:
1124 4943 1257 5006 «Habet
1283 4943 1396 5004 ostium
1423 4949 1614 5020 argenteum,
1642 4937 1697 5001 ubi

257 5047 318 5110 fuit
338 5067 413 5108 orox
431 5046 557 5109 Domini
578 5047 756 5126 exposita.»

338 5145 488 5207 'Atrium
510 5145 596 5226 (quin
609 5147 701 5206 immo
722 5147 784 5206 tria
804 5144 896 5224 atria)
912 5149 944 5205 et
957 5142 1105 5223 portious,
1127 5161 1204 5219 quae
1226 5137 1341 5219 duplici
1361 5138 1469 5200 ordine
1483 5136 1597 5198 atrium
1611 5155 1697 5197 exor-

258 5245 433 5321 nabant,ab
454 5243 590 5306 Eusebio
610 5244 747 5324 perbelle
768 5241 977 5305 delineantur:
1000 5241 1101 5301 omniu
1121 5239 1204 5300 enim
1223 5237 1528 5316 magnificentissime
1550 5235 1702 5297 Constan-

258 5341 342 5404 tinus
386 5341 546 5404 erieoerat.

337 5363 518 5512 ³{2uoniam
538 5459 627 5502 saoor
648 5439 810 5500 Celaenae
830 5436 1018 5498 monticulus
1039 5443 1106 5497 erat
1131 5434 1277 5497 cancellis
1305 5433 1463 5513 argenteis
1490 5429 1697 5494 circumdatus

258 5556 296 5599 ao
315 5544 433 5617 septus,
454 5536 597 5615 intellige
619 5537 699 5599 ostia
718 5555 793 5616 prae
813 5534 1011 5597 multitudine
1031 5534 1076 5595 ibi
1097 5534 1226 5595 collecta
1246 5533 1360 5612 aperiri
1378 5553 1441 5593 non
1460 5530 1612 5610 potuisse.

1558 5664 1591 5720 13
