4604 6560
743 661 787 706 nn
811 659 897 708 noos
919 657 1047 706 0000000
1069 658 1125 704 aa.
1148 662 1248 706 aas-aaa
1668 637 1709 708 79
1807 629 1817 648 '

278 750 1712 786 ———--v*----—--—---—·--

277 880 326 954 ad
353 901 511 954 manum
538 877 701 974 episcopi
720 877 912 954 acceditur
930 879 1030 954 sicut
1047 878 1097 952 ad
1115 877 1354 952 Anastasim:
1375 877 1432 952 ita
1451 881 1491 954 et
1509 881 1600 954 ante
1620 878 1713 953 Cru-

277 1025 376 1080 cem:
396 1004 454 1078 ita
473 1005 514 1079 01
540 1005 628 1099 0001
652 1002 822 1078 Crucem.
842 1001 1029 1078 Candelae
1049 1006 1181 1078 eutem
1198 1002 1345 1078 vitreae
1372 1003 1546 1099 ingentes
1574 1004 1716 1100 ubique

277 1128 464 1226 plurimae
482 1126 660 1223 pendent,
681 1129 721 1202 et
740 1126 926 1202 cereofala
941 1119 951 1162 ¹
967 1127 1132 1222 plurima
1150 1131 1253 1219 suut,
1268 1131 1350 1201 tam
1370 1131 1461 1202 ante
1480 1127 1716 1220 Anastasim‚

280 1277 395 1350 quam
423 1253 541 1328 etiam
564 1256 655 1327 ante
675 1251 843 1342 Crucem,
863 1252 929 1326 sed
947 1255 988 1328 et
1005 1255 1093 1348 post
1110 1251 1287 1328 Crucem:
1308 1251 1496 1327 liniuntur
1515 1274 1604 1350 ergo
1622 1255 1718 1330 haec

280 1378 408 1454 omnia
422 1398 508 1453 cum
523 1378 691 1488 tenebris
701 1368 725 1451 ².
745 1377 848 1452 Haec
867 1378 1038 1474 operatio
1057 1377 1196 1454 cotidie
1214 1399 1282 1473 per
1300 1378 1381 1453 dies
1399 1379 1536 1455 000110
1554 1375 1720 1456 habetur

280 1504 329 1580 ad
356 1503 513 1578 Crucem
541 1502 657 1577 etad
684 1501 916 1578 anastasim.
946 1502 1117 1600 Septima
1143 1507 1274 1579 autem
1302 1504 1374 1592 die,
1403 1503 1502 1580 idest
1529 1504 1719 1580 dominica

281 1628 353 1718 die,
373 1628 464 1700 ante
487 1626 679 1722 pullorum
699 1629 856 1701 cantum
875 1627 1029 1722 colliget
1056 1650 1096 1702 se
1115 1628 1238 1702 omnis
1267 1627 1487 1718 multitudo,
1517 1649 1720 1724 quaecum-

282 1777 355 1850 que
383 1774 463 1828 esse
490 1755 619 1849 potest
640 1753 681 1826 in
708 1774 753 1828 eo
772 1753 877 1828 loco:
897 1775 941 1827 ac
959 1753 991 1826 si
1009 1775 1077 1847 per
1103 1749 1242 1848 pascha
1270 1753 1310 1826 in
1336 1753 1505 1845 basilica,
1524 1731 1633 1850 ¹quae
1660 1755 1721 1828 est

281 1880 364 1954 1000
391 1878 501 1952 000
520 1876 752 1969 anastasim,
781 1876 883 1952 aas
901 1857 1070 1969 cantem,
1090 1877 1157 1951 ubi
1183 1877 1389 1952 luminaria
1415 1900 1483 1974 par
1509 1878 1581 1953 hoc
1607 1877 1720 1975 ipsud

282 1995 459 2101 pendent.
488 2003 591 2076 Dum
609 2002 712 2078 euim
730 2005 925 2094 verentur,
944 2024 993 2078 ne
1011 2002 1061 2076 ad
1087 2001 1281 2098 pullorum
1309 2005 1464 2078 cantum
1485 2024 1563 2078 uon
1591 2024 1720 2078 occur·

282 2131 383 2220 rant,
419 2122 665 2204 antecessus*
692 2127 865 2218 veniunt,
894 2128 1015 2204 stibi
1042 2128 1187 2204 sedent.
1216 2129 1267 2202 Et
1293 2128 1473 2204 dicuntur
1504 2129 1623 2226 ymni,
1652 2150 1723 2204 nec

283 2277 361 2330 nou
388 2257 429 2330 et
460 2249 712 2349 antiphonae;
745 2255 785 2328 et
816 2253 917 2326 fiunt
949 2253 1142 2328 orationes
1173 2255 1261 2328 cata
1288 2253 1456 2349 singulos
1488 2277 1625 2350 ymnos
1660 2253 1723 2329 vel

284 2377 525 2474 antiphonas.
554 2376 655 2450 Nam
682 2379 723 2451 et
749 2377 949 2473 presbiteri
968 2379 1010 2450 et
1033 2376 1208 2453 diacones
1236 2399 1383 2472 semper
1408 2378 1535 2474 parati
1563 2381 1656 2452 sunt
1682 2377 1723 2450 iu

285 2522 330 2576 eo
357 2501 441 2576 loco
473 2501 522 2574 ad
549 2501 699 2597 vigilias
727 2504 884 2598 propter
910 2501 1211 2593 multitudinem,
1239 2523 1337 2596 quae
1364 2523 1404 2576 se
1431 2501 1596 2599 colliget.
1625 2501 1722 2576 Con·

285 2625 449 2700 suetudo
476 2627 579 2702 enim
606 2626 696 2700 talis
724 2630 794 2718 est,
823 2630 869 2700 ut
887 2629 979 2701 ante
995 2626 1189 2723 pullorum
1208 2629 1365 2700 cantum
1382 2627 1466 2701 loca
1485 2630 1617 2702 sancta
1645 2648 1722 2701 non

288 2750 521 2846 aperiantur.
550 2751 638 2827 Mox
658 2754 789 2827 autem
807 2752 951 2848 primus
970 2751 1097 2848 pullus
1116 2749 1342 2841 cantaverit,
1363 2749 1724 2828 statimdescendet

288 3013 391 3086 gauto.
412 3006 463 3069 Ibi
484 3013 533 3070 ast
554 3005 675 3086 exedra,
696 3007 750 3068 ubi
771 3006 832 3068 fait
852 3008 1066 3084 resuscitatus,
1081 3026 1240 3086 perquem
1254 3007 1315 3069 fuit
1330 3027 1405 3069 crux
1420 3007 1537 3070 Christi
1552 3009 1725 3072 declarata:

288 3105 470 3184 cubiculum,
491 3105 545 3166 ubi
565 3105 667 3186 posita
688 3111 738 3170 est
757 3125 831 3166 crux
849 3105 974 3166 Domini
994 3106 1069 3166 Iesu
1090 3106 1218 3168 Christi.
1239 3107 1281 3166 Et
1306 3105 1376 3187 ipsa
1402 3126 1477 3168 crux
1502 3114 1552 3170 est
1578 3107 1619 3170 de
1646 3128 1723 3170 auro

290 3208 323 3262 et
343 3201 474 3280 gemmis
496 3208 612 3280 ornata,
633 3209 666 3263 et
686 3202 785 3264 colum
805 3203 940 3282 desuper
960 3223 1094 3281 aureum,
1115 3210 1149 3264 et
1169 3203 1208 3264 de
1227 3202 1304 3265 foris
1325 3203 1420 3266 habet
1439 3203 1608 3266 cancellum
1619 3227 1647 3268 a.
1661 3205 1728 3266 An·

289 3299 414 3360 toninus
433 3307 553 3379 martyr
573 3319 638 3380 cap.
660 3302 716 3360 20:
739 3301 805 3363 ‹In
823 3301 953 3362 basilica
968 3301 1174 3378 Constantini,
1189 3300 1354 3364 coherente
1369 3302 1484 3363 circum
1497 3310 1728 3365 monumentum

289 3397 342 3461 vel
363 3397 527 3476 Golgotha,
547 3397 581 3459 in
601 3398 680 3460 atrio
699 3399 799 3478 100100
820 3399 964 3462 basilicae
986 3405 1035 3462 001
1054 3397 1243 3476 cubiculum,
1263 3399 1317 3461 ubi
1337 3399 1455 3479 lignum
1475 3409 1601 3464 sauctae
1627 3401 1728 3464 crucis

291 3495 427 3577 positum
447 3501 536 3557 est».

373 3593 383 3630 ¹
404 3593 560 3657 Candelae
580 3595 710 3674 vitreae,
731 3595 851 3660 scilicet
871 3595 953 3657 cerei
973 3615 1042 3658 cum
1063 3594 1162 3658 fulcro
1187 3595 1306 3660 vitreo:
1330 3594 1484 3659 cereofala
1508 3603 1612 3660 autem
1639 3603 1728 3660 eraut

292 3691 476 3756 candelabra
497 3695 539 3773 (v.
558 3693 717 3772 Ducauge,
738 3693 842 3756 (11000.
863 3692 903 3755 ad
924 3693 978 3775 v'.).

371 3787 384 3824 ²
406 3789 482 3851 Cod.
504 3810 573 3850 cum
594 3793 721 3851 crebris.

371 3885 384 3923 ³
404 3887 620 3967 splendidiore
641 3887 728 3949 cultu
747 3887 908 3950 basilicam
929 3887 1077 3950 excitavit
1097 3886 1278 3966 ornavitque
1298 3887 1520 3952 Constantinus
1534 3887 1575 3951 ad
1588 3889 1670 3952 latus
1684 3909 1730 3954 00

293 3984 406 4048 clasiae
426 3984 693 4048 Resurrectionis:
713 3984 798 4046 illius
818 3984 1077 4064 magnificentiam
1097 3985 1252 4047 Eusebius
1278 3986 1366 4067 (Vita
1392 3987 1570 4048 Contentini
1596 4007 1664 4068 cap.
1690 3990 1730 4049 st

294 4091 328 4146 et
346 4085 444 4164 seqq.)
467 4083 668 4146 describendo
689 4085 779 4146 uobis
799 4085 970 4164 proposuit,
993 4103 1110 4162 000οο
1137 4103 1236 4162 pauca
1261 4083 1379 4148 referre
1405 4085 1542 4148 iuvabit:
1572 4087 1731 4167 «Quippe

294 4181 386 4242 lateri
406 4181 462 4260 illi,
484 4181 565 4260 quod
587 4201 604 4243 e
624 4181 750 4261 regione
764 4181 929 4261 speluncae
942 4180 1080 4261 positum
1094 4181 1170 4242 solis
1184 4187 1286 4242 ortum
1299 4181 1470 4262 spectabat,
1489 4183 1651 4244 coniuncta
1665 4191 1733 4246 erat

295 4278 440 4339 basilica:
461 4297 539 4357 0000
559 4279 652 4357 01000
674 4277 854 4338 admirabile
874 4277 907 4338 in
927 4277 1108 4339 immensam
1129 4277 1325 4338 altitudinem
1345 4276 1471 4354 elatum,
1486 4285 1519 4339 01
1537 4278 1733 4357 longitudine

296 4384 329 4438 et
347 4375 512 4438 latitudine
533 4379 665 4437 maxima
686 4395 862 4454 expansum.
884 4375 979 4437 Cuius
999 4374 1148 4437 interiora
1168 4366 1292 4453 quidem
1311 4375 1551 4438 versiculoribus
1570 4379 1732 4440 marmoris

297 4475 412 4537 crustis
432 4474 553 4536 obiecta
573 4482 660 4536 sunt:
682 4475 816 4536 exterior
837 4495 910 4536 varo
931 4475 1084 4553 parietum
1109 4471 1296 4551 superficies,
1324 4474 1431 4552 politis
1454 4475 1613 4554 lapidibus
1636 4477 1732 4555 probe

297 4571 380 4631 inter
399 4590 434 4632 se
454 4570 568 4632 vinctis
589 4571 742 4648 decorata,
764 4571 907 4632 eximiam
927 4571 1079 4648 quandam
1098 4568 1359 4649 pulchritudinem
1372 4569 1450 4630 nihil
1464 4569 1643 4633 inferiorem
1656 4592 1733 4634 mar-

298 4669 392 4730 moris
413 4669 517 4748 specie
537 4669 773 4748 praeferebat».
794 4670 836 4729 Et
856 4669 997 4748 plurimis
1018 4668 1122 4730 verbis
1143 4667 1340 4747 prosequitur
1360 4675 1480 4730 ceteras
1500 4677 1606 4747 partes
1630 4670 1735 4748 expli-

299 4786 381 4845 cans,
403 4774 435 4828 01
454 4767 595 4846 geminas
615 4767 763 4846 porticus,
793 4767 1081 4844 hemispherumque
1108 4765 1269 4826 duodecim
1296 4765 1447 4826 columnis
1474 4764 1637 4828 suffultum
1663 4787 1733 4828 cum

298 4865 468 4928 crateribus
490 4867 656 4944 argenteis.
677 4865 875 4927 Itinerarium
888 4863 1114 4943 Burdigalenso
1128 4863 1219 4942 paulo
1234 4870 1306 4924 00010
1321 4863 1490 4924 Eusebium
1503 4863 1734 4927 Caesariensem

298 4961 357 5023 hoc
376 4961 465 5024 modo
485 4962 644 5023 basilicam
664 4961 874 5023 adumbravit:
898 4963 955 5022 «A
975 4961 1104 5024 01010100
1124 4967 1228 5023 autem
1247 4967 1336 5041 parte
1355 4967 1405 5024 est
1417 4962 1602 5024 monticulus
1623 4962 1738 5042 Golgo-

299 5060 361 5138 1100,
382 5061 435 5120 ubi
454 5059 607 5121 Dominus
628 5061 789 5124 crucifixus
810 5066 869 5123 001.
888 5059 967 5122 Inde
988 5060 1077 5138 quasi
1097 5058 1137 5121 ad
1161 5058 1278 5139 lapidis
1303 5061 1432 5122 missum
1459 5068 1509 5123 001
1535 5068 1654 5141 crypta,
1681 5061 1736 5122 ubi

301 5157 411 5238 000000
431 5159 498 5220 eius
518 5158 654 5237 positum
674 5157 744 5236 fuit,
766 5143 911 5222 01100110
931 5157 983 5220 (110
1003 5157 1148 5219 surrexit.
1169 5157 1290 5218 Ibidem
1310 5157 1402 5220 modo
1426 5158 1513 5220 iussu
1539 5157 1736 5220 Constantini

300 5255 495 5336 imperatoris
513 5256 645 5319 basilica
663 5256 747 5318 facta
766 5263 825 5335 est,
845 5255 879 5317 id
900 5261 949 5318 001
968 5255 1154 5317 dominicum
1173 5255 1269 5318 mirae
1289 5255 1539 5335 pulchritudinis,
1556 5257 1676 5319 habens
1697 5255 1737 5318 ad

302 5353 386 5416 10100
405 5354 590 5434 exceptoria,
609 5353 693 5418 unde
712 5374 792 5433 aqua
810 5355 942 5434 levatur,
963 5359 996 5417 et
1015 5353 1159 5416 balneum
1179 5374 1199 5417 0
1217 5360 1316 5434 tergo,
1336 5353 1390 5416 ubi
1403 5353 1540 5418 intentos
1553 5354 1735 5418 lavantur.»

382 5453 396 5487 ⁴
417 5451 468 5514 Sic
488 5452 555 5516 cod.
575 5453 664 5532 lege:
685 5452 717 5515 iu
737 5459 940 5516 antecessum.
