4622 6572
540 625 583 702 rr.
607 655 654 701 nn
676 655 774 702 rursu
796 652 933 702 nrneour
955 653 1053 700 nmao
1076 673 1090 684 -
1111 656 1157 702 nn
1179 655 1271 702 noers
1293 657 1427 705 suuorrs
1450 673 1464 688 ·
1616 658 1720 706 xxxrx

286 878 368 954 folii
396 861 676 967 abscissionem,
704 875 746 950 in
772 898 847 972 quo
874 875 979 972 regio
1007 876 1108 951 Huts
1135 879 1176 952 et
1203 877 1338 952 civitas
1374 878 1563 971 Garnaim,
1591 879 1719 976 patria

286 1021 373 1112 Job,
403 1021 708 1112 declarabantur,
737 1019 804 1094 illa
831 1019 920 1094 libri
947 1019 1110 1096 defectio
1138 1043 1215 1096 non
1251 1045 1412 1118 parvum
1451 1044 1532 1100 esse
1567 1023 1722 1100 videtur

286 1165 572 1242 detrimentum.
600 1163 805 1239 Extremus
833 1162 986 1259 quidem
1015 1164 1215 1260 quaternio
1248 1164 1333 1261 jam
1369 1168 1521 1242 saeculo
1557 1168 1721 1244 decimo·

286 1311 422 1405 quinto
450 1307 663 1399 desederat,
704 1310 749 1383 ut
786 1310 938 1384 constat
979 1330 1025 1384 ex
1067 1309 1194 1385 codice
1231 1312 1476 1408 neapolitano
1518 1311 1567 1386 ad
1607 1311 1721 1388 fldem

286 1453 517 1552 autographi
545 1453 752 1529 casinensis
780 1453 997 1550 exemplato
1018 1444 1043 1527 ¹.
1138 1471 1142 1478 ·
1329 1497 1369 1558 t

364 1598 424 1672 Ad
442 1597 701 1694 evulgandum
719 1597 859 1672 librum
880 1597 985 1672 Petri
1012 1596 1174 1675 Diaconi
1195 1599 1338 1696 primus
1357 1601 1493 1675 auctor
1510 1600 1586 1677 luit
1604 1601 1721 1697 Aloy·

284 1746 362 1820 sius
390 1743 497 1818 'Posti
529 1742 647 1816 abbas
685 1740 899 1832 casinensis,
939 1742 1101 1838 scriptor
1142 1741 1441 1834 laudatissimus,
1478 1745 1518 1818 in
1551 1743 1723 1820 Historia

284 1888 462 1964 abbatiae
482 1885 694 1962 casinensis
712 1877 746 1973 ¹;
768 1907 882 1980 quem
910 1889 1096 1981 sequutus
1116 1888 1175 1961 est
1193 1885 1320 1983 Migne
1337 1887 1379 1960 in
1398 1910 1466 1962 sua
1485 1887 1722 1965 Bibliotheca

284 1997 437 2132 patrum
456 2023 480 2108 ³.
501 2031 647 2106 Deinde
666 2030 799 2107 (lomes
819 2031 865 2106 de
884 2031 1013 2123 Riant,
1043 2030 1090 2106 de
1110 2030 1269 2106 orientis
1291 2031 1403 2106 latini
1422 2031 1558 2107 studiis
1578 2034 1721 2130 optime

283 2179 454 2271 meritus,
471 2178 578 2254 Petri
606 2175 832 2274 opusculum
864 2175 1153 2272 diligentissime
1180 2176 1284 2274 typis
1312 2176 1501 2251 commisit
1518 2166 1543 2250 ⁴.
1572 2175 1650 2252 Nos
1670 2177 1720 2252 ad

282 2287 490 2402 editionem
517 2321 787 2420 perficiendam
816 2320 982 2396 codicem
1014 2321 1247 2396 casinensem
1276 2319 1444 2396 studiose
1463 2320 1718 2413 adhibuimus,

282 2490 402 2565 quare
428 2465 628 2557 nonnulla,
659 2485 758 2560 quae
786 2464 966 2538 comitem
994 2463 1050 2538 De
1078 2463 1197 2538 Riant
1223 2464 1418 2560 fugerunt,
1448 2463 1613 2540 vidimus
1630 2463 1718 2559 ipsi:

283 2611 547 2690 contendimus
589 2609 719 2700 etiam,
761 2609 878 2703 atque
919 2607 1180 2699 lustravimus,
1219 2606 1284 2683 sed
1324 2607 1526 2698 incassum,
1555 2606 1587 2682 si
1627 2606 1719 2704 quid

282 2753 387 2830 aliud
415 2751 580 2850 reperire
607 2750 665 2824 fas
703 2751 814 2824 esset.

359 2895 480 2993 Perge
507 2915 621 2984 nunc,
650 2893 771 2967 lector
797 2891 993 2982 benevole,
1023 2889 1072 2964 ad
1109 2889 1380 2986 perfruendum
1409 2891 1467 2982 iis,
1495 2911 1594 2989 quae
1621 2891 1717 2966 rnihi

279 3039 436 3115 fortuna
462 3037 657 3127 afferebat,
697 3037 741 3108 ut
768 3033 999 3108 christianae
1035 3033 1289 3130 antiquitates
1310 3032 1383 3107 tibi
1411 3034 1549 3109 melius
1577 3033 1718 3130 perspi·
1801 3067 1805 3076 v

280 3183 452 3271 ciantur;
474 3181 621 3255 fructus
649 3177 805 3273 colligas
833 3176 1038 3264 uberiores
1060 3176 1184 3251 lucem
1204 3175 1417 3273 adaugeas:
1434 3175 1527 3251 mihi
1541 3176 1716 3274 denique,

278 3322 378 3397 siin
405 3321 551 3419 aliquid
578 3319 712 3418 pedem
740 3317 890 3410 offendi,
919 3318 1084 3393 libenter
1111 3319 1294 3413 ignoscas,
1330 3317 1458 3393 uelim.

360 3602 461 3667 ¹Ood.
493 3602 598 3666 Oasin.
618 3603 676 3662 361
698 3600 739 3662 ad
759 3600 781 3663 f.
803 3601 851 3662 34.
874 3597 978 3663 (lodex
1008 3599 1107 3679 Nesp.
1128 3599 1234 3680 regius
1254 3599 1295 3661 D.
1316 3599 1356 3660 22
1376 3599 1435 3680 bis,
1455 3621 1548 3679 quem
1576 3604 1716 3668 exaravit
1781 3647 1784 3654 ·

277 3703 456 3766 Honoratus
475 3720 620 3763 monacus
641 3719 721 3763 esec.
743 3699 815 3760 XV.

357 3801 474 3864 Tamen
492 3801 588 3863 etiarn
608 3806 700 3862 antea
719 3798 799 3860 liber
819 3799 856 3860 P.
878 3796 917 3860 D.
937 3818 999 3859 non
1019 3796 1082 3859 fuit
1103 3799 1241 3878 ignotus.
1263 3797 1353 3859 Anno
1370 3797 1448 3860 1685
1462 3799 1612 3863 Mabillon
1624 3801 1658 3863 in
1672 3801 1715 3864 bi·

275 3899 410 3962 blioteoa
428 3897 583 3960 oaeinmai
603 3895 764 3976 prologum
785 3895 916 3974 excepit,
937 3915 1029 3973 quem
1049 3894 1190 3957 Martsne
1211 3902 1243 3956 et
1262 3894 1530 3957 Duranda1‘129
1549 3895 1715 3961 ediderunt
1764 3915 1767 3922 ’

278 3997 440 4078 (Ampliss.
462 3995 539 4058 (loll
560 3996 617 4074 VI,
638 4015 668 4074 p.
691 3995 772 4074 789).
793 3994 925 4056 Ineunte
947 3993 1069 4056 saeculo
1091 3992 1211 4055 decimo
1226 3999 1335 4054 octavo
1349 3993 1527 4057 Honoratus
1541 4016 1560 4057 a
1573 4014 1599 4057 s.
1614 3997 1715 4060 Maria

277 4095 453 4174 Oai-melita,
474 4115 567 4173 quum
587 4092 628 4156 de
650 4093 767 4154 Christi
798 4091 934 4171 imagine
964 4091 1144 4168 dissereret,
1174 4091 1287 4152 librum
1307 4092 1339 4154 in
1360 4111 1385 4154 s.
1407 4093 1444 4154 P.
1464 4093 1504 4155 D.
1526 4092 1655 4156 adduxit
1681 4095 1714 4158 in

275 4214 349 4258 suas
369 4193 566 4272 doctissimas
586 4191 882 4253 Animadversiones
903 4190 935 4251 in
955 4191 1082 4270 regulas
1103 4189 1235 4252 Oritices
1255 4190 1276 4251 l.
1297 4190 1354 4252 IV.
1375 4190 1452 4252 diss.
1472 4194 1502 4271 8,
1524 4197 1581 4254 ert.
1603 4195 1633 4255 2.

355 4287 488 4351 ‘Suria
507 4289 590 4348 della
610 4285 717 4348 Badiir
737 4289 771 4346 di
790 4287 893 4347 Monte
917 4285 1058 4360 Oaselao,
1079 4285 1123 4364 11,
1145 4304 1175 4365 p.
1200 4287 1267 4348 121.
1287 4287 1396 4347 Monte
1418 4285 1547 4349 Gaesino
1570 4288 1658 4349 1843.

355 4385 496 4466 ³Migne,
516 4385 697 4465 Patrologia
716 4383 751 4446 Τ.
775 4383 948 4446 cnxxffl
968 4405 998 4464 p.
1021 4385 1201 4446 1115-1134.

354 4485 469 4548 ⁴Petri
491 4484 670 4548 casinensis
701 4482 832 4563 dyaconi
851 4483 931 4546 liber
951 4483 990 4545 de
1010 4483 1087 4545 locis
1118 4482 1245 4556 sanetis,
1267 4501 1323 4544 seu
1350 4480 1518 4562 descriptio
1547 4487 1659 4563 tomas,
1680 4491 1712 4546 et

274 4583 373 4646 totins
393 4590 494 4648 temne
513 4581 763 4665 repromissionis
783 4581 984 4645 itinerarium.
1004 4580 1147 4662 Neapoli,
1168 4582 1256 4642 1870.
