4604 6560
701 733 702 736 ¹
741 724 784 768 ao
809 722 894 768 noes
916 721 1044 767 surore
1067 719 1121 764 su.
1146 725 1245 766 aru-rra
1672 695 1713 761 td

274 937 494 1020 mansione²
516 947 585 1018 est.
597 944 647 1017 Et
666 944 847 1039 quoniam
867 942 913 1014 de
933 938 1137 1014 Anthiocia
1150 938 1304 1034 propius
1324 941 1381 1012 est
1397 936 1672 1031 Mesopotamia
1687 929 1715 1026 ²,

275 1072 350 1146 fuit
369 1072 463 1145 mihi
482 1072 637 1146 iubente
656 1070 736 1145 Deo
758 1073 989 1164 oportunum
1011 1067 1116 1158 satis,
1142 1069 1187 1138 ut
1206 1062 1527 1160 quemadmodum
1548 1064 1714 1137 reverte-

277 1199 345 1271 bar
360 1196 730 1292 Constantinopolim
746 1195 853 1291 (quia
867 1217 932 1290 per
947 1192 1191 1267 Anthiociam
1207 1191 1407 1282 iteraret),
1424 1189 1511 1264 inde
1531 1187 1578 1264 ad
1594 1187 1714 1262 Meso·

277 1323 486 1419 potamiam
515 1323 621 1414 irem,
651 1322 750 1397 sicut
777 1323 818 1395 et
845 1319 990 1394 factum
1019 1324 1077 1394 est
1106 1318 1185 1392 Deo
1214 1318 1381 1392 iubente.

359 1443 363 1547 Ι
392 1448 529 1543 Itaque
557 1471 646 1543 ergo
675 1449 715 1520 in
746 1445 900 1521 nomine
938 1445 1076 1519 Christi
1107 1443 1176 1518 Dei
1203 1444 1326 1518 nostri
1359 1444 1640 1538 profectusum
1671 1441 1716 1513 de
1744 1457 1780 1510 ss

278 1574 483 1649 Anthiocia
497 1574 545 1648 ad
565 1573 891 1670 Mesopotamiam,
913 1573 1057 1646 habens
1077 1571 1152 1645 iter
1171 1591 1236 1667 per
1257 1573 1472 1644 mansiones
1493 1591 1560 1643 seu
1584 1568 1717 1643 cirita-

278 1704 336 1775 tes
350 1701 498 1796 aliquot
519 1699 734 1795 provinciae
750 1697 869 1772 Siriae
890 1697 1003 1773 (lelen
1017 1691 1041 1786 ³,
1059 1719 1157 1792 quae
1173 1700 1231 1770 est
1247 1696 1485 1770 Anthiociae:
1504 1699 1544 1770 et
1559 1694 1646 1767 inde
1661 1694 1717 1767 in·

278 1848 406 1920 gressa
434 1824 527 1898 fines
565 1824 780 1920 provinciae
819 1822 1174 1918 Augustofratensis
1194 1817 1218 1913 ⁴,
1257 1822 1414 1918 perveni
1444 1822 1492 1895 ad
1521 1821 1716 1895 civitatem

244 1967 249 1978 ·
281 1950 497 2046 Gerapolim
511 1945 536 2040 ⁵,
566 1971 663 2045 quae
684 1953 743 2024 est
762 1949 983 2044 metropolis
1003 1948 1119 2042 ipsius
1145 1948 1375 2043 provinciae,
1391 1947 1429 2020 id
1448 1950 1507 2020 est
1525 1945 1718 2040 Augusto-

283 2075 473 2150 fratcnsis.
503 2074 553 2148 Et
581 2075 761 2170 quoniam
789 2074 882 2150 haec
910 2074 1046 2150 civitas
1070 2074 1182 2149 valde
1204 2075 1362 2170 pulchra
1381 2077 1421 2148 et
1450 2075 1632 2169 opulenta
1661 2076 1721 2147 est

281 2203 399 2297 atque
427 2199 627 2288 abundans
656 2200 844 2289 omnibns,
882 2220 1033 2276 necesse
1072 2223 1133 2274 me
1167 2200 1243 2274 fuit
1270 2200 1324 2273 ibi
1362 2202 1485 2288 facere
1514 2201 1718 2275 stativam:

283 2326 464 2420 quoniam
491 2325 568 2398 iam
595 2324 684 2399 inde
722 2347 800 2399 nou
836 2325 948 2420 longe
977 2328 1086 2398 erant
1119 2325 1211 2399 fines
1245 2325 1554 2421 Mesopotamiae.
1584 2325 1721 2418 ltaque

244 2537 247 2542 Δ
282 2472 372 2545 ergo
401 2450 639 2546 proficiscens
676 2451 722 2523 de
754 2449 918 2547 lerapoli
951 2451 990 2522 in
1023 2451 1307 2544 quintodecimo
1337 2442 1544 2540 miliario⁶,
1573 2451 1613 2522 in
1653 2471 1720 2522 no·

282 2576 386 2648 mine
401 2574 483 2666 Dei,
500 2576 654 2671 perveni
669 2575 717 2648 ad
732 2575 891 2650 fluvium
909 2575 1141 2670 Euphratem
1162 2577 1208 2650 de
1223 2600 1298 2672 quo
1315 2577 1410 2652 bene
1425 2577 1518 2650 satis
1539 2577 1719 2672 scriptum

284 2703 354 2792 est,
384 2721 465 2775 esse
484 2699 625 2773 flumen
645 2721 828 2794 magnum
848 2699 1082 2794 Euphraten,
1104 2703 1144 2775 et
1163 2701 1306 2797 ingens,
1336 2704 1376 2774 et
1404 2702 1512 2797 quasi
1540 2699 1722 2775 terribilis

285 2829 354 2913 est;
372 2826 428 2899 ita
442 2826 542 2901 eninr
558 2824 725 2902 decurrit
740 2827 882 2900 habens
902 2828 1098 2921 impetum,
1120 2827 1218 2902 sicut
1237 2828 1355 2904 habat
1373 2828 1513 2905 fluvius
1529 2826 1721 2914 Redones,

286 2951 360 3024 nisi
377 2947 478 3046 quod
493 2950 617 3024 adhuc
632 2951 753 3024 maior
768 2954 826 3025 est
839 2950 1053 3046 Euphrates
1067 2942 1091 3024 ⁷.
1113 2952 1250 3048 Itaque
1270 2975 1359 3048 ergo
1379 2953 1559 3048 quoniam
1574 2973 1723 3027 necesse

289 3078 374 3149 erat
401 3097 489 3149 eum
517 3075 679 3150 navibus
708 3075 883 3166 transire,
914 3081 955 3152 et
981 3077 1144 3151 navibus
1172 3076 1322 3151 nonnisi
1351 3079 1571 3167 maioribus
1601 3099 1644 3152 ac
1671 3077 1724 3150 sic
1816 3123 1820 3133 ·

287 3201 494 3274 immorata
509 3223 593 3274 sum
612 3199 773 3274 forsitan
793 3201 878 3295 plus
898 3203 1023 3276 media
1044 3203 1115 3276 die:
1136 3206 1177 3276 et
1195 3203 1281 3278 inde
1300 3203 1340 3276 in
1359 3204 1511 3278 nomine
1530 3203 1600 3278 Dei
1618 3205 1725 3276 tran-

288 3329 362 3399 sito
391 3325 546 3400 flumine
574 3325 808 3420 Euphraten,
837 3327 1119 3424 ingressurum
1147 3328 1242 3403 fines
1270 3328 1565 3425 Mesopotamiae
1593 3326 1723 3402 Siriae.

368 3450 423 3526 Ac
442 3451 494 3525 sic
513 3451 637 3525 denuo
652 3450 792 3526 faciens
807 3451 882 3525 iter
896 3475 963 3548 per
977 3455 1190 3528 mansiones
1211 3455 1372 3550 aliquot,
1394 3455 1549 3550 perveni
1569 3453 1616 3528 ad
1635 3453 1725 3528 civi·

288 3583 423 3668 tatem,
440 3579 546 3653 cuius
573 3602 713 3656 nomen
728 3580 766 3654 in
787 3580 984 3675 scripturis
1004 3580 1169 3676 positum
1189 3581 1362 3676 legimus,
1394 3581 1432 3654 id
1451 3585 1509 3655 est
1528 3579 1687 3654 Batanis
1701 3572 1725 3671 ⁸,

370 3805 379 3840 ¹
397 3805 474 3866 Octo
488 3813 521 3867 et
535 3807 642 3868 decern
656 3807 831 3868 mansiones
846 3813 935 3869 erent
950 3807 988 3868 ab
1002 3807 1228 3886 Hierosolymis
1243 3806 1282 3868 ad
1296 3807 1494 3869 Antiochiam
1511 3808 1601 3887 juxta
1620 3807 1728 3869 Itiner.

292 3904 432 3982 Burdig.‚
455 3911 575 3983 septem
596 3912 699 3967 eutem
721 3905 759 3966 ab
780 3905 946 3968 Antiochia
967 3905 1127 3966 Edessam.

371 4001 473 4062 ²006.
494 4002 758 4080 Mesopotamiam.

372 4097 383 4136 ³
399 4101 492 4162 Coele
514 4101 604 4180 Syria
624 4101 784 4180 provincie
803 4101 886 4162 inter
906 4102 1058 4162 Libanum
1080 4110 1115 4163 et'
1125 4103 1339 4165 Antilibanum
1354 4104 1517 4182 aliquando
1533 4105 1626 4168 etiam
1641 4105 1732 4184 Syris

293 4197 385 4258 Coele
407 4197 561 4275 scribitur,
582 4199 765 4276 praesertim
786 4199 907 4259 saeculo
929 4207 1037 4277 quarto
1060 4200 1119 4277 (De
1140 4201 1197 4262 Vit
1218 4201 1376 4263 Onomast.
1397 4201 1438 4262 ad
1457 4202 1486 4262 b.
1508 4203 1561 4283 v.).

374 4297 386 4330 ⁴
401 4295 704 4374 Augustofratensis,
718 4297 877 4374 provincia
887 4297 1011 4358 flumine
1022 4298 1180 4376 Euphrate
1195 4299 1234 4358 ed
1246 4289 1396 4361 orientem
1409 4301 1550 4379 limitata,
1566 4308 1632 4363 erat
1643 4309 1733 4362 antea

292 4392 398 4455 eadem
413 4414 448 4454 ac
463 4393 668 4473 Commagene
682 4395 768 4472 regio
784 4394 892 4474 Syriae
913 4403 946 4456 et
960 4396 1173 4476 appellabatur
1193 4398 1435 4477 Euphratensis:
1458 4398 1514 4460 sed
1534 4399 1567 4459 in
1588 4399 1732 4478 Epitome

293 4493 366 4551 Aur.
388 4491 469 4552 Viot.
490 4492 606 4569 legitur
627 4492 959 4570 Angustophratensis.

372 4589 384 4624 ⁵
397 4589 575 4670 Hierapolis
590 4590 703 4652 civitas
720 4592 976 4669 ‹capacissima›
995 4593 1107 4672 (Amin.
1122 4593 1217 4654 Maro.
1228 4594 1249 4656 1.
1265 4597 1313 4674 23,
1328 4597 1357 4674 23
1372 4596 1502 4675 Proeop.
1513 4598 1550 4657 B.
1562 4598 1599 4658 P.
1611 4599 1630 4656 l.
1647 4601 1674 4671 9,
1691 4598 1732 4676 9),

293 4689 350 4750 sub
366 4687 566 4750 Constantino
582 4690 762 4769 metropolis
776 4691 859 4752 facta
874 4700 923 4753 eet
937 4693 1113 4772 provinciae
1128 4693 1354 4772 Euphratensis
1370 4697 1486 4775 (Malal.
1502 4696 1613 4757 Chron.
1629 4717 1654 4758 c.
1671 4698 1732 4776 13).

218 4793 223 4804 '
293 4785 457 4866 Religione
471 4787 639 4849 christiana
660 4796 845 4866 augescente
865 4789 1043 4868 Hierapolis
1064 4811 1175 4851 nomen
1191 4791 1350 4869 antiquum
1364 4793 1536 4873 Bambyccs
1558 4796 1618 4856 sibi
1638 4795 1736 4856 vindi·

296 4886 386 4964 cavit,
408 4885 499 4947 hodie
521 4894 623 4946 autem
646 4885 729 4948 dieta
750 4891 842 4948 Κανά
862 4889 1037 4948 Boarbacbe
1057 4889 1108 4950 vel
1130 4872 1255 4970 Bupalo.

373 4983 438 5044 ⁶In
458 4984 563 5044 tabula
584 4983 826 5064 Peutingeriana
845 4991 990 5046 notantur
1005 4986 1102 5046 millia
1115 4987 1237 5048 XXIV.
1259 4991 1352 5050 quta
1373 4991 1607 5056 Anthemusiem
1626 4992 1659 5052 in
1674 4991 1736 5051 Me·

295 5083 475 5162 sopotamie,
497 5082 583 5144 ouius
603 5085 637 5144 in
657 5084 815 5145 territorio
830 5084 971 5145 Bathnae
986 5083 1066 5146 sitae
1080 5091 1168 5146 erant
1190 5087 1301 5166 (Arum.
1325 5089 1420 5149 Mare.
1441 5091 1530 5166 XIV,
1552 5093 1584 5164 3,
1607 5091 1649 5171 3),
1678 5089 1737 5150 Eu·

294 5183 421 5261 phrates
441 5181 654 5243 traiieiebatur
673 5190 811 5262 tempore
833 5184 993 5244 Strabonis
1016 5187 1048 5266 (l.
1070 5186 1146 5261 XX,
1167 5207 1197 5264 p.
1220 5188 1281 5266 74).

376 5279 450 5339 ⁷Ex
469 5280 526 5340 hae
547 5282 774 5358 comparatione
794 5281 930 5344 fluminis
951 5284 1119 5363 Euphratis
1141 5305 1209 5345 curn
1231 5285 1382 5346 Rhodano
1408 5288 1555 5366 colligere
1583 5289 1658 5350 licet
1682 5290 1739 5351 Pe·

296 5379 451 5456 regrinam
472 5399 510 5439 ex
531 5377 633 5438 Gallia
653 5399 723 5440 esse
743 5379 922 5458 profectam,
944 5397 1037 5458 atque
1058 5381 1097 5442 ad
1119 5382 1312 5443 venerabiles
1338 5383 1477 5445 dominas
1499 5385 1530 5444 in
1552 5387 1737 5446 monasterio

296 5475 378 5555 apud
399 5477 581 5538 Rhodanum
602 5476 751 5555 degentes
773 5479 890 5558 scripta
911 5499 967 5542 sua
987 5481 1112 5543 mittere
1133 5481 1343 5543 constituisse.

368 5575 388 5626 -⁸
404 5574 543 5648 Batanis,
566 5574 705 5634 Bathnae
727 5576 757 5634 in
781 5575 949 5651 Osdroena,
971 5598 1049 5654 quae
1072 5585 1104 5640 et
1123 5579 1234 5640 Batnis
1254 5579 1286 5640 in
1308 5580 1383 5640 Tab.
1404 5581 1495 5642 Peut.
1517 5581 1599 5643 Male
1619 5582 1668 5642 hic
1682 5582 1739 5644 Pe·
