4604 6560
769 748 813 793 nn
837 746 923 792 cocu
946 745 1074 793 assona
1097 747 1150 792 un.
1176 750 1278 792 aas-aaa
1696 723 1741 791 87

303 991 391 1044 nem
417 968 540 1044 totius
567 963 670 1054 anni,
699 967 740 1040 et
768 965 897 1040 omnia
924 967 1105 1060 aguntur,
1135 984 1233 1058 quae
1261 962 1496 1038 consuetudo
1524 965 1583 1036 est
1606 963 1655 1036 ad
1674 985 1742 1038 no-

304 1119 393 1170 nam
421 1095 484 1190 agi
511 1094 665 1190 praeter
694 1082 874 1166 oblatio¹t
903 1113 990 1164 narn
1021 1092 1067 1163 ut
1094 1109 1242 1184 semper
1268 1088 1431 1183 populus
1459 1086 1580 1162 discat
1607 1089 1742 1184 legem,

305 1225 345 1296 et
364 1220 561 1316 episcopus
579 1219 620 1290 et
638 1215 825 1312 presbiter
838 1215 1038 1312 predicant
1056 1213 1220 1288 assidue.
1237 1213 1331 1287 (lum
1351 1215 1482 1287 autern
1505 1213 1608 1288 facta
1628 1213 1746 1288 luerit
1766 1207 1769 1215 ‘

307 1343 433 1435 missa,
454 1341 644 1416 indacum
672 1339 799 1436 ymnis
826 1339 990 1434 populus
1009 1339 1170 1413 deducet
1189 1339 1406 1433 episcopum
1426 1359 1546 1436 usque
1566 1339 1614 1411 ad
1640 1337 1744 1410 Ana·

306 1472 461 1558 stasem,
480 1466 559 1540 iam
587 1468 627 1540 et
653 1467 740 1539 tota
767 1463 975 1538 lucernari:
1005 1465 1059 1538 sic
1086 1463 1267 1538 dicuntur
1293 1463 1401 1560 ymni
1430 1465 1470 1536 et
1497 1462 1745 1558 antiphonae,

305 1593 405 1668 fiunt
431 1590 636 1681 orationes,
665 1592 706 1664 et
733 1588 779 1663 fit
805 1588 920 1662 missa
938 1589 1145 1664 lucernaris
1162 1589 1204 1662 in
1222 1587 1406 1662 Anastase
1434 1592 1475 1663 et
1494 1588 1543 1661 ad
1572 1587 1743 1664 Crucem.

304 1717 420 1792 Missa
446 1718 577 1788 autern
605 1711 813 1788 lucernaris
839 1712 1000 1788 hiisdem
1029 1713 1173 1804 diebus
1202 1713 1243 1786 id
1270 1715 1330 1786 est
1348 1713 1742 1809 quadragesimarum,

305 1841 426 1916 serius
454 1839 500 1912 iit
526 1859 673 1932 semper
700 1861 816 1933 quarn
844 1841 1023 1934 porteto
1051 1861 1163 1912 anno.
1192 1838 1336 1925 1101010
1363 1839 1460 1912 ieria
1486 1841 1620 1912 autom
1639 1837 1742 1928 simi·

307 1967 399 2042 liter
426 1963 554 2040 omnia
582 1965 764 2058 aguntur,
793 1963 893 2038 sicut
920 1962 1086 2039 secunda
1120 1963 1227 2055 feria,
1261 1967 1302 2038 et
1335 1963 1454 2038 tertia
1486 1964 1593 2039 feria.
1628 1964 1745 2039 Sexta

308 2090 404 2166 feria
432 2093 563 2163 autem
591 2087 770 2162 similiter
798 2088 927 2164 omnia
955 2091 1124 2184 aguntur
1152 2089 1252 2164 sicut
1278 2092 1419 2184 quarta
1437 2089 1545 2181 feria,
1574 2093 1614 2164 et
1640 2089 1744 2162 simi·

308 2215 400 2289 liter
427 2213 476 2288 ad
503 2235 646 2288 nonam
674 2213 713 2286 in
742 2211 845 2308 Syon
872 2213 968 2287 itur:
998 2218 1039 2288 et
1066 2213 1243 2289 similiter
1268 2213 1356 2287 inde
1375 2237 1462 2288 cum
1481 2215 1606 2311 ymnis
1625 2235 1746 2310 usque

308 2340 358 2415 ad
384 2337 572 2414 Anastase
600 2337 813 2412 adducetur
839 2339 1047 2434 episcopus.
1068 2337 1140 2413 Sed
1164 2341 1273 2416 sexta
1291 2338 1387 2412 feria
1405 2339 1559 2435 vigiliae
1578 2341 1619 2413 in
1645 2339 1744 2414 Aac·

308 2468 411 2540 stass
439 2463 681 2539 celebrantur
708 2463 758 2536 ad
784 2484 830 2537 ea
857 2465 962 2552 hora,
992 2487 1067 2559 qua
1095 2464 1142 2537 de
1170 2463 1260 2538 Sion
1287 2467 1448 2539 ventum
1484 2463 1615 2557 fuerit,
1658 2486 1745 2539 cum

307 2590 434 2688 ymnis
454 2588 633 2684 usquein
661 2610 786 2678 mane,
814 2589 854 2661 id
873 2593 933 2663 est
951 2588 998 2664 de
1016 2591 1112 2664 hora
1130 2590 1331 2680 lucernari,
1352 2589 1671 2684 quemadmodum
1687 2591 1744 2664 in·

308 2718 457 2792 tratum
476 2714 607 2788 luerit.
627 2713 672 2786 In
691 2699 770 2788 alia
787 2714 849 2788 die
869 2737 992 2806 mane,
1008 2713 1047 2788 id
1065 2718 1125 2790 est
1142 2715 1315 2804 sabbato,
1332 2713 1377 2787 iit
1395 2717 1525 2789 autem
1544 2715 1690 2790 oblatio
1706 2717 1746 2789 in

309 2839 493 2914 Anastase
507 2837 707 2929 maturius,
723 2840 780 2913 ita
798 2841 845 2912 ut
863 2837 933 2912 fiat
952 2839 1065 2914 missa
1084 2841 1175 2913 ante
1194 2831 1466 2913 8010011010
1484 2842 1615 2914 autem
1634 2844 1746 2916 nocte

309 2964 455 3040 vicibus
474 2964 655 3038 dicuntur
672 2964 806 3059 psalmi
826 2965 1068 3060 responsorii,
1082 2965 1230 3038 vicibus
1249 2965 1494 3060 antiphonae,
1511 2966 1656 3041 vicibus
1671 2967 1745 3042 lec·

310 3089 433 3164 tiones
461 3088 645 3178 diversae,
675 3111 773 3184 quae
801 3090 930 3163 omnia
958 3111 1077 3185 usque
1105 3090 1145 3163 in
1173 3112 1285 3164 mane
1313 3089 1603 3185 protrahuntur.
1632 3091 1748 3166 Missa

308 3218 452 3305 autem,
473 3235 571 3309 quae
598 3213 644 3287 fit
671 3213 831 3288 sabbato
860 3214 908 3288 ad
927 3214 1128 3305 Anastase,
1150 3219 1241 3290 ante
1260 3215 1378 3289 solem
1397 3215 1453 3304 fic,
1473 3215 1545 3290 hoc
1564 3220 1622 3291 est
1641 3217 1745 3291 obla·

306 3337 384 3413 tio:
407 3340 450 3412 ut
468 3359 514 3412 ea
530 3338 734 3434 hora,'qua
751 3337 886 3432 incipit
904 3337 961 3412 801
981 3339 1193 3433 procedere,
1218 3340 1296 3412 iam
1316 3329 1457 3413 missa³
1485 3338 1525 3412 in
1557 3339 1747 3414 Anastase

307 3461 411 3538 iacta
438 3461 501 3537 sit.
530 3462 590 3536 Sic
617 3484 706 3558 ergo
729 3462 901 3558 singulae
919 3464 1155 3556 septimanae
1174 3464 1416 3538 celebrantur
1435 3464 1745 3560 quadragesima·

307 3586 523 3674 rquuod
537 3590 669 3662 autem
684 3587 773 3676 dixi,
786 3589 977 3662 maturius
992 3587 1037 3660 fic
1048 3589 1163 3662 missa
1176 3589 1349 3680 sabbato,
1362 3581 1366 3689 l
1378 3589 1418 3662 id
1433 3591 1492 3663 est
1507 3592 1598 3663 ante
1613 3589 1745 3680 solem,
1775 3591 1811 3647 62

309 3713 512 3806 propterea
529 3710 587 3801 fit,
606 3713 653 3784 ut
679 3711 792 3786 citius
820 3712 1023 3785 absolvant
1040 3711 1106 3801 hii,
1126 3734 1220 3807 quos
1240 3713 1372 3787 dicunt
1391 3713 1451 3787 hic
1470 3713 1709 3787 domadarios
1720 3703 1746 3789 ⁴.

311 3835 346 3908 N
348 3857 412 3910 am
429 3835 520 3908 talis
538 3835 773 3910 consuetudo
793 3839 853 3910 est
871 3835 1101 3910 ieiuniorum
1120 3836 1161 3908 in
1180 3836 1491 3932 quadragesimis
1506 3840 1553 3911 ut
1570 3837 1637 3927 hii,
1653 3860 1748 3932 quos

311 3959 509 4057 appellant
535 3960 835 4052 ebdomadarius,
864 3960 903 4034 id
931 3965 989 4036 est
1017 3962 1083 4056 qui
1111 3961 1260 4036 faciunt
1286 3965 1530 4058 septimanas,
1559 3961 1749 4036 dominica

312 4085 384 4176 die,
414 4086 505 4180 quia
531 4085 626 4160 hora
653 4085 790 4180 quinta
817 4085 863 4160 fit
885 4085 1012 4176 missa,
1032 4089 1078 4160 ut
1096 4087 1337 4163 manducent.
1357 4087 1408 4160 hc
1427 4085 1749 4182 quemadmodum

311 4209 575 4308 prandiderint
603 4211 792 4286 dominica
814 4210 887 4300 die,
907 4212 984 4285 iam
1002 4233 1080 4285 non
1098 4211 1344 4302 manducant,
1364 4212 1436 4286 nisi
1456 4213 1617 4286 sabbato
1637 4233 1749 4286 manc

312 4359 402 4412 mox
430 4335 797 4412 communicaverint
824 4337 864 4409 in
891 4334 1088 4412 Aucstase.
1119 4338 1281 4434 Propter
1306 4337 1408 4433 ipsos
1435 4360 1537 4434 ergo,
1567 4344 1612 4411 ut
1637 4339 1749 4412 citius

314 4461 527 4551 absolvant,
557 4463 648 4535 ante
676 4459 754 4534 sole
782 4459 827 4535 fit
856 4460 971 4535 missa
999 4462 1038 4534 in
1066 4462 1254 4536 Anastase
1281 4462 1455 4536 sabbato.
1484 4462 1591 4550 Quod
1619 4465 1750 4536 autem

314 4585 405 4676 dixi,
434 4587 590 4682 propter
616 4585 702 4659 illos
730 4584 775 4660 fit
793 4585 908 4660 missa
926 4607 1050 4676 mane,
1071 4608 1148 4660 non
1169 4586 1271 4681 quod
1290 4586 1347 4659 illi
1365 4587 1437 4660 soli
1456 4588 1748 4676 communicent,

315 4710 381 4784 sed
408 4731 539 4786 omnes
568 4711 863 4801 communicant,
892 4711 958 4806 qui
985 4711 1124 4784 volunt
1150 4711 1282 4786 eadem
1301 4711 1362 4785 die
1381 4712 1420 4784 in
1444 4712 1628 4786 Anastase
1649 4733 1749 4787 com·

315 4857 521 4912 munrcare.

395 5079 552 5141 ¹Praeter
570 5077 769 5140 eaomficium:
791 5077 848 5141 aad
868 5098 938 5140 mox
957 5087 1030 5158 post
1048 5078 1308 5158 praedicationem
1334 5099 1504 5160 precesque
1528 5079 1700 5142 celebratae
1719 5077 1752 5140 in

318 5176 449 5241 ecclesia
468 5177 552 5254 Sion,
572 5177 700 5256 liturgia
719 5177 890 5239 lucernaris
908 5177 945 5238 fit
964 5177 998 5238 in
1017 5179 1183 5240 Anastase.

397 5275 550 5338 'Oblatio
571 5275 651 5337 ritus
672 5283 721 5338 est
741 5275 909 5355 offerendi;
930 5277 1034 5354 missa,
1056 5277 1233 5339 dimittendi
1254 5277 1400 5357 populum
1420 5277 1517 5340 sacris
1537 5277 1682 5357 peractis.

396 5375 498 5436 ³00d.
520 5379 562 5436 ad
581 5380 719 5438 missam.

285 5557 291 5566 .
396 5474 534 5536 ⁴Oibum
553 5481 589 5535 ut
608 5481 776 5552 sumerent,
797 5473 849 5551 qni
869 5476 1014 5538 continuo
1036 5475 1210 5539 ieiunantes
1229 5473 1454 5538 hebdomadam
1474 5475 1705 5541 sustinuissent.
