4604 6560
791 725 835 769 11
858 723 942 772 coos
966 723 1093 770 111111
1117 725 1171 771 ns.
1195 729 1296 771 cer-rea
1723 705 1764 769 ’13

324 946 523 1021 civitatem
552 943 796 1039 metropolim
823 944 967 1017 Tharso
983 931 1006 1034 ¹,
1026 942 1093 1016 ubi
1112 941 1268 1038 quidem
1291 941 1435 1017 Tharso
1454 946 1495 1017 et
1512 940 1638 1017 eundo
1657 941 1764 1016 Ieru-

327 1072 502 1146 solimam
531 1071 607 1144 iam
635 1071 797 1144 fueram.
828 1069 900 1145 Sed
928 1069 1110 1165 quoniam
1139 1067 1185 1143 de
1219 1067 1363 1141 Tharso
1401 1070 1519 1142 tertia
1555 1069 1764 1158 mansione,

326 1196 366 1270 id
385 1199 444 1272 est
462 1197 502 1270 in
521 1196 713 1288 Hisauria,
734 1199 793 1270 est
811 1197 1042 1292 martyrium
1062 1198 1197 1268 santae
1215 1185 1381 1285 Teclae²,
1397 1198 1552 1290 gratum
1566 1194 1644 1267 fuit
1657 1195 1767 1284 satis,

326 1323 372 1394 ut
398 1321 517 1395 etiam
545 1320 636 1394 illuc
664 1319 892 1410 accederem,
921 1319 1120 1413 presertim
1147 1342 1234 1393 cum
1261 1319 1412 1392 tamin
1446 1319 1618 1415 proximo
1650 1321 1765 1393 esset.

376 1503 381 1509 .
404 1447 505 1520 Nam
523 1445 758 1542 proficiscens
773 1445 819 1519 de
834 1445 977 1518 'Iharso
992 1444 1146 1538 perveni
1161 1444 1209 1517 ad
1225 1443 1417 1538 quandam
1437 1444 1633 1518 civitatem
1648 1465 1767 1538 supra

326 1593 431 1646 mare
447 1571 609 1663 Ciliciae,
626 1593 725 1667 quae
744 1569 960 1666 appellatur
975 1567 1275 1663 Pompeiopolim
1289 1559 1312 1641 ³.
1325 1568 1376 1642 Et
1394 1568 1482 1642 inde
1500 1569 1578 1640 iam
1593 1569 1765 1664 ingressa

327 1695 420 1771 fines
438 1697 652 1788 Hisauriae,
671 1696 795 1770 mansi
822 1697 862 1769 11
885 1693 1055 1782 civitate,
1077 1715 1175 1788 quae
1193 1693 1409 1788 appellatur
1428 1684 1603 1768 Corico⁴z
1624 1715 1668 1768 ac
1685 1696 1763 1767 ter·

326 1821 382 1894 tia
410 1821 471 1896 die
498 1822 655 1916 perveni
681 1820 730 1894 ad
749 1821 961 1910 civitatem,
980 1839 1078 1913 quae
1097 1816 1313 1913 appellatur
1332 1815 1503 1891 Seleucia
1521 1807 1765 1890 Hisauriae⁵.

326 1946 401 2019 Ubi
419 1968 507 2020 cum
524 1947 781 2043 pervenissem
809 1945 865 2019 fui
884 1945 932 2020 ad
951 1945 1168 2040 episcopum
1186 1965 1276 2020 vere
1295 1947 1452 2017 santum
1470 1964 1517 2016 ex
1536 1933 1766 2016 monacho⁶z

327 2068 408 2144 ridi
435 2069 553 2144 etiam
580 2069 634 2142 ibi
662 2069 860 2146 ecclesiam
887 2069 999 2144 valde
1026 2068 1225 2164 pulchram
1260 2067 1301 2140 in
1336 2066 1468 2141 eadem
1506 2065 1677 2141 civitate.
1715 2065 1766 2137 Et

328 2195 509 2288 quoniam
528 2193 683 2268 indeed
701 2197 872 2268 sanctam
893 2193 1089 2268 ecclesiam
1105 2185 1129 2283 ⁷,
1150 2192 1216 2287 qui
1234 2193 1339 2265 locus
1359 2193 1418 2272 est
1442 2190 1545 2264 ultra
1569 2190 1765 2264 civitatem

328 2319 369 2392 in
396 2318 492 2393 colle
519 2319 583 2394 sed
611 2319 738 2414 plano,
766 2318 936 2393 habebat
964 2319 1010 2393 de
1037 2318 1196 2392 civitate
1224 2317 1386 2393 forsitan
1408 2317 1514 2390 mille
1537 2317 1766 2411 quingentos

410 2595 641 2675 ¹Itiuerarium,
663 2596 744 2674 quod
763 2595 983 2677 burdigalense
1003 2604 1141 2674 vocatur,
1169 2603 1277 2658 secute
1296 2597 1336 2657 ab
1356 2595 1529 2670 Antiochia,
1551 2594 1656 2656 decem
1677 2613 1768 2654 man-

328 2695 467 2758 sionibus
487 2694 632 2774 peractis,
654 2694 784 2757 Tarsum
797 2695 990 2775 metropolim
1004 2695 1131 2757 Ciliciae
1145 2695 1328 2774 campestris
1341 2693 1492 2774 pervenit.
1508 2691 1556 2756 Cf.
1573 2693 1766 2772 Marqnardt,

328 2797 493 2856 roemische
513 2793 818 2873 Stactsoerwultuag
837 2796 860 2854 I
875 2815 905 2874 p.
928 2795 987 2856 389
1009 2793 1070 2875 (ed.
1092 2795 1134 2874 2).

407 2889 419 2927 ²
440 2891 623 2970 Martyrium
647 2899 771 2954 sanctae
797 2892 909 2954 Teclae
931 2891 1169 2972 protomartyris
1196 2891 1229 2952 in
1257 2891 1398 2954 Seleucia
1425 2889 1587 2968 metropoli
1614 2889 1764 2968 Isauriae,

326 2986 366 3049 ad
386 2987 468 3066 quod
488 2988 649 3051 colendum
662 2987 841 3067 frequentes
854 2974 1076 3052 concurrebant
1090 2989 1260 3052 christiani.
1276 2989 1412 3066 Cretser,
1428 2991 1475 3049 Dc
1495 2987 1596 3050 sacris
1606 2993 1766 3068 perepria.

328 3085 532 3164 Istam

408 3181 811 3264 811111111111111111111111
831 3187 932 3246 adbuc
954 3183 1089 3264 Ciliciae,
1105 3183 1185 3262 quod
1199 3182 1311 3246 civitas
1324 3184 1394 3265 ipsa
1406 3204 1468 3245 non
1487 3183 1595 3264 procul
1616 3206 1635 3245 a
1654 3182 1768 3246 finibus

330 3279 456 3342 Ciliciae
470 3288 503 3343 et
523 3280 662 3343 Isauriae
674 3279 799 3344 flumine
813 3283 923 3342 Latmo
938 3282 1117 3344 constitutis
1131 3283 1235 3361 posita
1249 3289 1324 3358 erat,
1340 3291 1432 3346 autea
1445 3282 1527 3344 Solis
1548 3281 1770 3362 cognominata,

327 3384 470 3457 postesa
489 3378 638 3459 Pompeio
658 3378 773 3457 Magno
791 3399 901 3441 nomen
915 3381 1043 3460 accepit,
1058 3379 1111 3457 qni
1132 3400 1199 3441 eam
1220 3381 1286 3442 solo
1307 3385 1469 3464 aequatam
1489 3378 1629 3442 restituit
1655 3379 1770 3462 (Strsb.

329 3476 350 3535 l.
363 3475 452 3553 XIV,
463 3497 493 3556 p.
509 3477 577 3555 671,
593 3477 702 3556 Pomp.
716 3477 801 3538 Mela
814 3477 841 3538 Ι.
857 3477 904 3555 13,
920 3485 952 3538 11
966 3477 1041 3558 1111).
1055 3478 1230 3557 Xenophon
1248 3494 1367 3556 quoque
1381 3479 1487 3539 urbem
1500 3477 1686 3538 maritimam
1700 3497 1771 3538 esse

329 3580 477 3635 memorat
490 3573 601 3654 (Anah.
612 3575 638 3652 I,
650 3595 676 3636 c.
691 3575 753 3655 24).
770 3575 894 3650 Locum,
908 3574 1002 3636 hodie
1016 3577 1146 3636 Metella
1162 3576 1330 3637 vocitatum
1344 3577 1382 3636 ab
1392 3575 1515 3650 iucolis,
1530 3582 1563 3637 et
1576 3575 1770 3653 antiquitatis

328 3671 471 3750 vestigia,
492 3673 677 3751 praesertim
696 3693 770 3736 vero
790 3673 943 3753 porticum
963 3679 1102 3735 ornatam
1127 3674 1268 3736 ducentis
1289 3675 1448 3752 columnis,
1476 3694 1605 3751 quarum
1631 3674 1710 3735 duae
1738 3681 1771 3737 et

330 3769 533 3848 qnadraginta
553 3778 723 3849 supersunt
736 3780 866 3848 erectae,
881 3771 1048 3851 descripsit
1060 3772 1211 3834 Beaufort
1233 3775 1443 3854 (Koromanis
1464 3793 1494 3852 p.
1516 3775 1584 3849 261,
1606 3779 1640 3834 et
1660 3773 1769 3852 seqq).

407 3866 572 3948 ⁴Corycus
594 3869 674 3951 (cod.
696 3869 851 3952 Curious),
877 3870 1065 3932 1111111111
1087 3871 1158 3948 sita,
1179 3871 1262 3932 iuter
1281 3871 1426 3932 civitates
1447 3869 1573 3932 Ciciliae
1592 3877 1772 3931 recensetur

329 3965 423 4046 (Plin.
437 3966 478 4027 H.
493 3965 532 4028 N.
552 3966 575 4028 l.
588 3967 627 4045 V,
642 3987 669 4029 c.
682 3969 731 4045 22,
745 3969 854 4046 Pomp.
867 3967 953 4030 Mela
963 3967 991 4045 I,
1006 3989 1031 4030 c.
1048 3970 1095 4044 13,
1110 3969 1153 4048 2),
1168 3968 1224 4030 sed
1244 3967 1505 4048 peregrinationis
1518 3975 1658 4048 tempore
1673 3972 1770 4028 totam

329 4063 469 4124 Ciliciam
482 4063 651 4127 'I'racheem
664 4065 716 4126 vel
730 4065 881 4145 Asparem
894 4065 1015 4128 Isauria
1027 4065 1298 4145 complectebatur,
1314 4073 1347 4128 11
1357 4085 1448 4128 11111
1461 4085 1545 4126 mare
1555 4064 1772 4144 porrigebatur

330 4159 444 4240 (Arum.
465 4161 560 4224 Marc.
581 4161 603 4224 l.
624 4161 714 4241 XIV,
735 4165 764 4224 8.
790 4161 898 4244 Steph.
925 4163 1001 4244 Bya.
1024 4164 1064 4225 ad
1085 4184 1112 4225 1.
1136 4171 1299 4255 Τραχεϊα).
1321 4163 1452 4226 Limites
1478 4163 1618 4226 Isauriae
1646 4163 1769 4224 saeculo

329 4267 438 4338 quarto
459 4260 583 4324 labente
604 4261 735 4324 11111111
754 4259 889 4324 incertos
908 4283 988 4326 nunc
1009 4262 1049 4325 ad
1063 4263 1230 4325 australem
1243 4269 1364 4344 partem
1383 4281 1570 4340 cognoscere
1590 4261 1673 4339 licet,
1694 4281 1773 4341 quos

330 4357 467 4438 Corycus
487 4360 728 4438 promontorium
749 4367 781 4421 et
801 4359 912 4422 civitas
934 4359 1041 4424 eodem
1063 4361 1212 4423 distincta
1231 4361 1353 4423 nomine
1375 4359 1570 4422 definiebant.

410 4455 423 4493 ⁵
437 4455 578 4520 Seleucia
588 4457 629 4520 ad
643 4457 851 4538 Calycadnum
864 4457 1624 4542 111111111111111111111111111111.1111111111.
1636 4457 1771 4534 XIV,8:

333 4551 449 4616 «Hanc
470 4555 594 4634 quidem
609 4556 785 4637 (Isauriam)
800 4563 925 4636 praeter
936 4557 1050 4636 oppida
1065 4557 1162 4620 multa
1182 4559 1260 4618 duae
1274 4557 1420 4619 civitates
1441 4563 1599 4633 exornant,
1621 4555 1770 4633 Seleucia,

330 4673 407 4732 opus
422 4653 541 4714 Seleuci
562 4653 657 4732 regis,
679 4661 712 4716 11
726 4654 975 4736 Claudiopolis».
990 4657 1182 4737 Epiphanius
1196 4659 1292 4718 Hoer.
1306 4655 1463 4734 LXXIII,
1481 4658 1534 4716 23:
1551 4657 1610 4717 «In
1622 4655 1773 4732 Seleucia,

330 4769 407 4827 quae
429 4750 569 4813 Trachea
587 4760 728 4831 vocatur,
749 4753 782 4815 in
802 4753 924 4816 Isauria
937 4777 965 4814 ›.
994 4755 1219 4833 Theodoretus,
1243 4756 1284 4816 H.
1309 4755 1345 4816 s.
1371 4756 1415 4832 H,
1440 4774 1467 4816 1.
1491 4757 1540 4816 26.
1564 4754 1674 4816 «Urbs
1695 4753 1772 4814 haec

329 4847 470 4911 Isauriae
491 4849 533 4911 ad
551 4869 635 4911 mare
649 4851 788 4930 posita».
803 4852 906 4913 Etiam
921 4853 1114 4930 Sozcmeuus,
1132 4853 1189 4930 IV,
1204 4874 1229 4914 c.
1246 4855 1292 4914 16.
1307 4852 1397 4915 Nunc
1410 4851 1442 4913 iu
1455 4853 1532 4930 loco,
1550 4853 1602 4930 qui
1617 4851 1773 4932 Seleslcicb

330 4946 511 5027 appellatur,
533 4956 640 5012 extant
660 4949 794 5027 plurima
814 4951 939 5027 antiqua
958 4949 1079 5027 rudera,
1101 4950 1317 5012 documentum
1337 4951 1488 5030 pristinae
1509 4949 1691 5011 nobilitatis.

409 5045 595 5108 ⁶Seleuciae
610 5049 783 5128 episcopus,
798 5049 850 5126 qui
870 5048 963 5110 huius
984 5048 1242 5128 peregrinationis
1263 5057 1403 5128 tempore
1422 5049 1510 5124 vixit,
1529 5047 1627 5108 111111
1648 5047 1772 5110 videtur

330 5143 493 5220 Maximus,
508 5143 560 5222 qui
574 5143 665 5205 Samo
679 5151 747 5206 otro
761 5149 865 5206 diuino
879 5145 1038 5208 successit.
1052 5146 1087 5206 Is
1102 5143 1163 5206 fuit
1178 5146 1208 5206 S.
1222 5145 1347 5207 Ioannis
1363 5145 1576 5224 Chrysostomi
1598 5145 1773 5225 discipulus

331 5247 363 5302 et
373 5242 561 5302 monasticae
576 5242 660 5304 vitae
676 5243 787 5321 socius,
799 5252 834 5303 ut
848 5243 945 5305 refert
959 5244 1100 5305 Socrates
1114 5243 1198 5305 Hist.
1213 5245 1234 5304 l.
1249 5244 1305 5319 VI,
1317 5264 1342 5304 c.
1354 5247 1382 5304 2.
1396 5245 1590 5322 Soaomenus,
1601 5245 1693 5321 VIII,
1705 5265 1731 5307 c.
1742 5247 1772 5306 3.

333 5336 381 5399 Cf.
402 5337 448 5399 Le
470 5338 579 5412 Quaen
600 5340 652 5401 Or.
676 5340 790 5402 Christ.
812 5343 856 5417 H,
877 5364 908 5422 p.
932 5343 1019 5404 1013.

410 5434 423 5470 ⁷
437 5435 578 5498 Ecclesia
597 5444 722 5498 sauctae
744 5437 856 5500 Teclae
871 5439 982 5518 dicata,
996 5439 1049 5500 ubi
1063 5438 1129 5501 eius
1144 5460 1254 5518 corpus
1268 5439 1456 5518 quiescebat,
1471 5439 1502 5501 in
1524 5447 1628 5502 monte
1649 5439 1772 5502 civitati

333 5531 470 5612 proximo
492 5532 670 5596 adeuntium
689 5535 865 5615 frequentia
885 5537 1018 5601 celebris
1032 5544 1108 5601 erat.
1122 5538 1261 5602 Basilius
1274 5538 1307 5602 in
1321 5537 1386 5600 vita
1400 5538 1430 5600 S.
1446 5537 1605 5619 Ι1111110.
1619 5539 1637 5600 1
1649 5538 1683 5600 in
1696 5537 1771 5618 line)

1610 5671 1645 5728 10
