4622 6572
599 581 639 645 10
1160 600 1163 608 ·
1225 609 1251 654 s.
1276 609 1403 656 munau

596 819 688 895 Seth
717 823 880 898 nominis
908 828 966 900 est
1004 825 1297 901 fundamentum
1329 819 1463 916 fidei¹;
1493 831 1533 903 et
1570 851 1656 904 cum
1695 829 1791 906 Abel
1826 833 1964 926 iustus,
1994 841 2036 910 et

594 973 681 1026 cum
716 951 756 1023 in
793 951 920 1025 locum
948 952 1042 1026 iusti
1071 945 1167 1026 Seth
1201 953 1353 1049 genitus
1390 956 1453 1046 sit,
1492 958 1689 1032 reservato
1725 981 1875 1055 semper
1903 985 1927 1035 a
1955 963 2036 1038 Deo

594 1081 815 1151 sanctorum
842 1077 1038 1173 generatio
1059 1081 1098 1152 et
1117 1099 1184 1173 per
1202 1081 1452 1155 successiones
1471 1087 1657 1156 renovata
1680 1083 1921 1181 intelligitur,
1944 1086 2035 1164 fide-

595 1203 694 1278 libus
721 1203 763 1278 in
790 1203 905 1277 Petro
934 1202 1193 1277 fundamentis
1221 1203 1335 1278 fidem
1363 1206 1543 1281 ecclesiae
1571 1211 1848 1285 sustentatura.

675 1328 779 1414 Quae
806 1351 897 1424 erga
923 1328 1007 1403 Noe
1035 1332 1143 1423 gesta
1171 1333 1262 1403 sunt
1290 1335 1422 1427 negari
1449 1357 1527 1408 non
1555 1339 1718 1432 possunt
1744 1337 1858 1431 plena
1886 1361 1967 1413 esse
1995 1343 2037 1414 et

595 1457 805 1532 virtutibus
825 1455 895 1530 Dei
915 1458 956 1529 et
982 1457 1163 1550 exemplis
1192 1455 1424 1532 futurorum.
1446 1459 1545 1534 Nom
1570 1463 1609 1535 in
1639 1466 1830 1558 quantum
1848 1464 1946 1538 libet
1964 1468 2035 1538 aut

595 1573 738 1658 hebes²
765 1581 962 1677 ingenium
990 1581 1040 1656 sit
1068 1585 1138 1656 aut
1166 1605 1299 1658 aversa
1327 1606 1351 1657 a
1379 1585 1460 1660 veri
1480 1586 1736 1684 intelligentia
1763 1588 1964 1662 voluntas:
1994 1592 2035 1664 et

594 1712 724 1784 tamen
739 1707 817 1783 illic
837 1707 939 1782 dicta
957 1710 1140 1802 gestaque
1160 1711 1262 1800 sunt,
1283 1730 1381 1805 quae
1401 1710 1518 1785 etiam
1540 1712 1671 1787 invitis
1691 1735 1843 1788 sensum
1858 1714 2035 1790 veritatis

594 1834 770 1910 eliciant:
800 1834 930 1929 atque,
954 1832 1060 1906 utin
1087 1832 1245 1927 singulis
1273 1855 1402 1907 rerum
1430 1835 1628 1910 aflectibus
1657 1837 1781 1912 virtus
1809 1839 2033 1934 prophetica

593 1959 845 2054 intelligatur,
866 1957 957 2054 quid
976 1958 1038 2032 cui
1065 1958 1120 2032 rei
1149 1959 1200 2031 sit
1227 1960 1536 2054 comparandum,
1556 1961 1725 2036 breviter
1751 1962 1939 2037 'edendum
1963 1966 2034 2038 est.

593 2085 676 2160 Noe
703 2084 816 2174 enim,
842 2106 953 2179 quem
983 2107 1027 2159 er
1055 2085 1203 2179 virgine
1231 2084 1416 2160 Dominus
1444 2086 1670 2184 adsumpsit,
1699 2088 1895 2162 hominem
1923 2109 2034 2184 prae·

594 2211 757 2306 figurat:
786 2213 903 2305 atque
926 2213 972 2284 ut
1000 2211 1039 2283 id
1068 2213 1189 2308 ipsum
1219 2234 1266 2286 ex
1295 2211 1508 2308 scripturae
1535 2214 1653 2308 ipsius
1682 2215 1809 2289 verbis
1837 2215 2035 2310 cognitum

593 2335 675 2428 fiat,
703 2334 917 2411 cuiusmodi
945 2335 991 2410 de
1029 2358 1074 2411 eo
1111 2335 1314 2434 prophetia
1341 2332 1503 2412 Lamech
1536 2338 1656 2433 patris
1685 2339 1766 2413 eius
1803 2340 2036 2414 noscendum

593 2452 700 2538 est³:
734 2465 749 2496 “
774 2461 825 2535 Et
851 2460 1014 2536 Lamech
1042 2461 1177 2556 genuit
1213 2460 1355 2554 filium,
1385 2465 1426 2537 et
1462 2463 1617 2537 vocavit
1651 2485 1792 2537 nomen
1820 2464 1901 2538 eius
1939 2463 2036 2554 Noe,

594 2587 737 2662 dicens:
765 2585 837 2661 Hic
873 2587 1110 2683 requiescere
1138 2585 1253 2663 saciet
1280 2609 1349 2661 nos
1378 2588 1426 2661 ab
1465 2587 1640 2684 operibus
1677 2589 1819 2663 nostris
1848 2592 1888 2662 et
1915 2613 1939 2663 a
1966 2589 2037 2662 tri-

594 2715 712 2788 stitiis
727 2737 912 2788 manuum
928 2717 1160 2805 nostrarum,
1172 2717 1213 2788 et
1227 2738 1248 2788 a
1262 2719 1378 2806 terra,
1396 2715 1456 2789 cui
1472 2714 1671 2790 maledixit
1685 2715 1872 2790 Dominus
1886 2716 1990 2790 Deus
2006 2771 2038 2803 ,.

593 2839 644 2914 Et
671 2840 776 2928 haec,
807 2841 852 2912 ut
880 2838 1058 2930 arbitror,
1089 2839 1128 2911 in
1157 2861 1246 2914 eum
1274 2838 1368 2930 Noe,
1399 2839 1444 2913 de
1474 2862 1549 2936 quo
1582 2862 1705 2915 sermo
1734 2843 1805 2932 est,
1835 2840 1884 2914 ad
1911 2839 2038 2937 perle-

594 2967 701 3040 ctum
728 2963 930 3039 convenire
950 2986 1027 3036 non
1054 2965 1228 3060 possunt.
1250 2963 1369 3050 Quam
1390 2965 1493 3038 enim
1517 2967 1688 3061 requiem
1707 2965 1882 3039 humano
1905 2965 2038 3061 generi

596 3090 751 3180 adtulit,
780 3091 842 3165 vel
870 3113 893 3163 a
922 3089 1059 3185 quibus
1087 3089 1179 3162 fecit
1217 3089 1393 3184 operibus
1425 3090 1581 3164 desistit
1611 3091 1710 3177 Quin
1746 3091 1864 3165 etiam
1892 3091 1964 3163 sub
1993 3112 2039 3164 eo

597 3215 827 3292 universitas
855 3215 1053 3290 hominum
1082 3213 1248 3289 deletur:
1271 3215 1455 3290 diluvium
1478 3216 1711 3289 infunditur:
1727 3219 1832 3290 terra
1861 3236 2038 3311 conspec-

596 3342 656 3416 tui
683 3341 764 3416 eius
792 3341 954 3437 eripitur
966 3332 991 3431 ⁴,
1026 3340 1066 3412 in
1092 3340 1333 3436 gravioribus
1362 3340 1478 3415 etiam
1507 3341 1636 3437 posteo
1664 3335 1838 3417 vicibus⁵
1865 3340 2037 3417 vivitur:

596 3471 636 3543 et
663 3468 731 3546 ubi
764 3468 913 3564 requies
941 3467 1024 3543 Noe
1052 3467 1126 3541 erit
1163 3466 1324 3558 reddita,
1354 3467 1395 3540 in
1422 3489 1466 3543 eo
1495 3472 1648 3558 autem,
1678 3467 1744 3564 qui
1777 3467 1949 3542 facturus
1987 3467 2040 3540 sit

550 3625 569 3681 9
595 3593 778 3689 requiem,
816 3595 986 3689 potestas
1015 3593 1073 3666 est
1101 3590 1301 3686 designata
1328 3590 1502 3666 faciendi.
1529 3592 1533 3685 1
1559 3591 1678 3665 Porro
1706 3595 1837 3666 autem
1870 3611 1940 3665 nec
1968 3613 2037 3664 na-

595 3725 708 3794 turae
735 3719 899 3792 hominis
933 3718 1132 3808 convenit,
1162 3739 1232 3791 nec
1266 3717 1449 3812 scripturn
1483 3718 1647 3813 legitur,
1675 3739 1745 3791 nec
1780 3739 1821 3790 re
1859 3717 1942 3812 ipsa
1980 3717 2038 3789 in·

595 3844 786 3940 telligitur
812 3845 894 3919 Noe
922 3845 1060 3918 horum
1089 3842 1235 3938 aliquid
1263 3843 1410 3919 fecisse:
1440 3844 1505 3918 sed
1532 3843 1656 3939 plane,
1686 3865 1784 3938 quae
1814 3842 1899 3916 Noe
1926 3845 2040 3916 erant

596 3969 757 4066 propria,
786 3968 973 4064 scriptura
1004 3967 1220 4063 planissime
1248 3967 1378 4041 edidit.
1400 3968 1495 4042 Oum
1513 3968 1593 4042 Deo
1622 3967 1830 4062 probabilis
1859 3971 2040 4057 osteum

597 4095 721 4168 iustus
749 4092 956 4183 invenitur,
986 4114 1071 4165 cum
1100 4113 1228 4166 arcam
1255 4092 1380 4167 facere
1417 4092 1583 4184 iubetur,
1613 4114 1701 4167 oum
1728 4094 1768 4166 in
1796 4115 1881 4167 eam
1910 4092 2037 4186 ingre·

597 4219 713 4312 ditur,
734 4241 820 4293 oum
849 4239 1006 4292 corvum
1034 4215 1191 4307 emittit,
1212 4239 1298 4291 curn
1327 4216 1543 4291 columbam
1566 4219 1606 4291 et
1634 4217 1770 4312 recipit
1789 4220 1829 4291 et
1856 4217 2040 4308 remittit,

596 4369 683 4422 cum
720 4345 915 4440 egreditur
942 4366 990 4418 ex
1017 4364 1117 4435 arco,
1147 4364 1234 4416 oum
1270 4343 1423 4417 vineam
1459 4343 1664 4438 plantavit,
1696 4365 1783 4418 oum
1822 4365 1869 4417 ex
1907 4342 2040 4418 fructu

597 4472 677 4548 eius
705 4471 835 4546 ebrius
861 4471 1044 4562 nudatur,
1074 4492 1160 4544 oum
1181 4493 1203 4541 a
1223 4467 1341 4541 dham
1360 4467 1562 4559 inridetur,
1582 4490 1669 4543 oum
1688 4491 1711 4540 a
1731 4467 1817 4543 Sem
1837 4469 1879 4540 et
1899 4467 2041 4564 Iaphet

597 4596 826 4694 contegitur,
852 4619 939 4671 cum
967 4597 1007 4668 in
1034 4607 1156 4667 unum
1185 4593 1490 4668 maledictionem
1511 4598 1551 4668 et
1570 4592 1609 4667 in
1638 4593 1732 4666 duos
1760 4593 2039 4668 benedictionis

598 4721 769 4798 ordinem
797 4722 1031 4816 modumque
1059 4719 1280 4808 constituit;
1309 4720 1415 4810 haec,
1436 4720 1484 4793 ab
1509 4741 1553 4794 eo
1582 4722 1627 4792 ut
1655 4721 1746 4793 sunt
1774 4721 1894 4814 gesta,
1925 4719 2041 4793 intel-

596 4849 748 4944 ligenda
768 4849 869 4921 sunt.
890 4845 962 4921 Sed
990 4869 1172 4942 magnum
1195 4847 1235 4918 in
1253 4845 1312 4918 his
1333 4844 1457 4918 futuri
1482 4846 1762 4918 sacramentum
1795 4843 2039 4918 continetur:

599 4995 643 5046 ac
670 4972 716 5047 de
743 4971 900 5068 singulis
928 4993 997 5046 suo
1024 4973 1108 5047 loco
1139 4969 1407 5061 tractabimus
1437 4973 1523 5042 tum
1551 4992 1638 5044 cum
1672 4972 1848 5065 oporteat
1875 4970 1949 5043 sibi
1979 4970 2039 5042 in-

599 5095 720 5170 vioom
759 5117 819 5168 res
861 5118 1115 5191 personasque
1156 5093 1337 5170 conferre.
1366 5093 1451 5167 Erit
1479 5116 1568 5189 ergo
1612 5094 1700 5168 huic
1734 5093 1816 5169 Noe
1849 5095 2040 5168 Dominus

680 5381 687 5412 ¹
704 5373 781 5436 Isid.
806 5375 889 5453 Orip.
908 5376 929 5436 1.
951 5395 976 5437 o.
1000 5375 1105 5438 «Seth
1125 5375 1346 5453 interpretetur
1371 5373 1556 5436 resurrectio
1569 5417 1576 5434 .
1589 5417 1596 5434 .
1610 5418 1638 5434 ..
1662 5371 1745 5435 idem
1772 5377 1805 5435 et
1831 5369 1975 5452 positio»
2005 5407 2039 5420 -

601 5471 740 5536 ’haebes
766 5509 797 5520 -
821 5473 961 5535 ’Genea
981 5474 1020 5552 V,
1041 5476 1090 5535 28.
1114 5510 1148 5520 —-
1171 5473 1230 5534 ⁴vi
1249 5472 1390 5536 redditur
1410 5507 1451 5518 —-
1470 5471 1605 5533 ⁵virtus.
