4622 6572
501 721 508 739 ’
622 715 679 760 XIV
995 725 1003 742 ·
1243 709 1428 756 PRAEFATIO

619 933 752 1006 sancta
779 932 818 1004 in
844 929 968 1005 lucem
995 929 1117 1021 edere,
1145 929 1307 1027 ideoque
1334 952 1398 1006 eos
1425 929 1569 1006 codices
1596 951 1724 1005 secum
1760 928 1944 1004 abduxit:
1983 927 2056 1002 sed

621 1095 734 1166 mors,
763 1076 809 1148 ut
836 1074 947 1165 solet,
976 1072 1132 1148 consilia
1160 1073 1326 1170 abrupit.

1312 1505 1360 1579 II.

876 1785 936 1855 DE
962 1786 996 1855 S.
1020 1785 1205 1856 HILARII
1230 1785 1481 1855 MYSTERIIS
1507 1785 1567 1854 ET
1595 1785 1789 1854 HYMNIS.

696 2080 733 2155 S.
753 2079 923 2155 Hilarius
942 2080 1137 2176 episcopus
1157 2079 1391 2155 Pictavensis
1411 2078 1647 2175 temporibus
1666 2077 1882 2153 Constantii
1910 2078 1951 2152 et
1978 2076 2004 2150 J
2007 2099 2053 2150 u·

616 2225 710 2300 liani
724 2225 813 2301 fidei
826 2227 1087 2322 propugnator
1100 2227 1140 2300 et
1158 2223 1348 2300 confessor
1367 2225 1532 2298 maxime
1551 2223 1703 2322 floruit:
1724 2222 1919 2319 flagellum
1939 2219 2052 2295 Aria·

616 2389 766 2461 norum,
794 2370 1030 2465 scriptorque
1057 2368 1275 2458 acerrimus,
1301 2367 1647 2465 eloquentissimus,
1667 2365 1769 2440 inter
1787 2363 1973 2462 principes
1992 2385 2053 2440 ec·

617 2513 752 2590 clasiae
767 2517 894 2610 patres
914 2535 1062 2610 semper
1081 2516 1140 2589 est
1157 2514 1326 2587 habitus.
1343 2513 1460 2598 Quem
1476 2535 1504 2586 s.
1520 2511 1778 2606 Hieronymus
1797 2508 1954 2583 summis
1968 2507 2053 2580 lau·

617 2655 728 2731 dibus
755 2657 969 2748 exornavit,
999 2657 1209 2752 titulosque
1236 2677 1394 2753 operum
1422 2655 1471 2730 ab
1500 2677 1544 2730 eo
1573 2655 1764 2729 editorum
1783 2652 1984 2744 recensuit,
2004 2673 2053 2726 ex

615 2800 752 2896 quibus
779 2822 968 2896 perpauca
991 2799 1152 2894 integra,
1168 2799 1245 2874 alia
1264 2803 1410 2889 eutem,
1433 2799 1571 2894 quibus
1590 2797 1755 2895 plurima
1774 2795 2052 2886 desiderantur,

615 2942 665 3016 ad
692 2965 761 3017 nos
788 2946 1058 3038 pervenerunt,
1087 2944 1214 3018 cetera
1242 2941 1404 3038 denique
1433 2940 1630 3038 deperdita
1647 2945 1749 3016 sunt.
1771 2940 1972 3015 Traditum
1991 2942 2052 3014 est

614 3089 757 3186 scripta
783 3089 863 3164 fere
891 3087 1019 3162 omnia
1046 3091 1200 3163 servata
1228 3110 1308 3163 esse
1335 3089 1372 3161 in
1403 3088 1648 3164 celeberrimo
1677 3090 1909 3163 monasterio
1928 3089 2050 3184 picta·

614 3231 721 3308 vensi
749 3255 778 3306 s.
806 3231 965 3328 Hilarii:
995 3231 1097 3328 quod
1135 3254 1221 3307 cum
1259 3233 1384 3307 multa
1420 3232 1651 3328 pertulisset,
1690 3232 1835 3308 codices
1871 3231 2052 3306 hilariani

614 3399 714 3451 anno
748 3377 847 3450 1563
876 3377 930 3450 ibi
958 3379 1047 3472 igne
1074 3375 1228 3474 periisse
1256 3376 1433 3450 feruntur
1449 3368 1473 3450 ¹.
1503 3377 1594 3472 Spes
1617 3379 1748 3452 temon
1767 3377 1893 3473 longa,
1917 3379 2051 3450 utrum

612 3521 652 3593 in
681 3519 906 3616 quibusdam
935 3520 1180 3595 bibliothecis
1200 3519 1383 3616 quidquid
1412 3519 1459 3595 de
1486 3519 1692 3616 deperditis
1723 3520 1963 3611 conderetur,
1992 3521 2049 3594 vi-

611 3685 673 3738 ros
701 3662 831 3737 doctos
858 3663 987 3737 tenuit
997 3653 1022 3736 ²:
1053 3685 1169 3759 quam
1188 3663 1342 3759 quidem
1363 3665 1644 3756 sustentarunt,
1673 3685 1772 3758 quae
1799 3685 1845 3738 ex
1873 3663 2049 3738 virorum

612 3804 908 3880 clarissimorum
927 3805 1117 3880 industria
1135 3805 1328 3880 interdum
1349 3807 1384 3878 in
1408 3806 1533 3882 lucem
1552 3805 1764 3880 edebantur
1776 3796 1802 3880 ³.
1822 3804 2048 3880 Tractatum

691 4084 699 4119 ¹
723 4083 805 4146 Vide
826 4083 857 4145 S.
871 4084 985 4146 Hilarii
1007 4105 1108 4166 opera,
1134 4083 1267 4148 Parisiis
1289 4084 1338 4147 ed.
1350 4085 1428 4146 1605
1450 4091 1482 4146 et
1498 4085 1576 4146 1652
1590 4083 1623 4145 in
1636 4083 1769 4163 quodam
1783 4084 1900 4147 scholio
1914 4084 1948 4146 in
1961 4083 2049 4147 Gem-

608 4182 827 4243 mentetionem
849 4182 986 4243 Gillotii:
1020 4183 1200 4264 «Pleraque
1221 4201 1318 4261 eaque
1340 4181 1531 4261 autographa
1561 4201 1640 4244 enno
1661 4182 1750 4244 Dom.
1774 4183 1852 4242 1563
1880 4182 1919 4244 ab
1939 4181 2046 4262 impiis

609 4280 769 4342 combusta
789 4280 915 4342 fuerunt
935 4280 1113 4342 Pictoris.»

688 4377 945 4440 ²Gillotii-De
966 4399 992 4440 s.
1013 4378 1134 4440 Hilario
1163 4379 1333 4442 comment.
1358 4377 1423 4438 «Si
1442 4377 1524 4440 forte
1551 4377 1621 4457 quie
1647 4377 1877 4458 investigandis
1903 4385 2047 4442 veterum

607 4476 698 4538 libris
718 4483 822 4540 tantos
843 4477 980 4558 reperiat
999 4478 1163 4541 thesauros
1184 4498 1291 4541 eruere
1311 4486 1343 4541 et
1363 4479 1395 4540 in
1415 4485 1555 4557 apertam
1574 4478 1675 4540 lucem
1700 4479 1870 4559 producere
1891 4477 1931 4540 ad
1952 4479 2047 4541 eccle-

608 4575 674 4637 siae
695 4575 941 4638 commoditatem
955 4577 1148 4664 nonpigeat,
1164 4599 1180 4636 ›
1196 4576 1446 4638 Martene-Vett.
1460 4575 1573 4656 Script.
1588 4576 1666 4638 Ooll.
1682 4577 1717 4639 Τ.
1731 4577 1791 4656 ΙΧ’,
1806 4597 1837 4656 p.
1852 4577 1906 4638 el:
1931 4575 2045 4638 «Satis

608 4672 715 4734 dolere
735 4693 796 4734 non
816 4693 980 4753 possumus
1001 4680 1050 4735 tot
1069 4675 1210 4752 tantique
1237 4672 1372 4734 doctoris
1399 4679 1606 4752 monumenta,
1628 4679 1683 4734 aut
1703 4673 1823 4752 perisse
1844 4673 1967 4736 omnino
1991 4681 2045 4734 ant

607 4771 756 4833 oblivioni
776 4773 899 4852 sepulta
919 4773 1032 4834 alieubi
1052 4769 1154 4834 iacere
1174 4773 1302 4851 pulvere
1324 4770 1464 4832 obsita.»

687 4869 744 4931 ³8.
765 4870 879 4932 Hilarii
901 4889 977 4950 opus
999 4872 1037 4933 de
1059 4871 1183 4933 Sinodis
1204 4878 1311 4933 contra
1330 4871 1494 4933 Ursacium
1515 4877 1547 4933 et
1566 4871 1729 4934 Valentem
1745 4869 1840 4952 (quod
1855 4889 1880 4933 e.
1894 4869 2045 4950 Hierony-

606 4987 675 5030 mus
695 4967 777 5047 apud
798 4967 942 5031 Treviros
962 4968 1167 5048 transcripsit,
1187 4969 1288 5048 Epist.
1310 4967 1351 5029 ad
1370 4967 1574 5051 Florentium)
1590 4974 1728 5048 tempore
1742 4969 1831 5030 Petri
1844 4967 2041 5032 Venerabilis

607 5065 750 5128 extitisse
770 5066 905 5144 videtur,
925 5067 1007 5145 quod
1028 5068 1056 5130 is
1076 5068 1109 5129 in
1129 5067 1257 5146 prologo
1284 5065 1357 5128 libri
1381 5066 1473 5148 primi
1500 5065 1650 5130 adversus
1679 5073 1795 5129 sectam
1824 5067 2044 5129 Saracenorum

606 5163 731 5226 scribit:
755 5165 842 5227 «Est
862 5172 895 5227 et
915 5166 997 5226 alter
1017 5165 1109 5247 (liber
1129 5186 1156 5228 s.
1176 5165 1313 5246 Hilarii),
1334 5185 1425 5244 quem
1447 5165 1599 5227 adversus
1619 5166 1681 5226 iam
1701 5165 1802 5228 dictos
1822 5165 1986 5228 Valentem
2012 5172 2045 5227 et

607 5261 771 5324 Ursecium
792 5263 929 5325 edidit.»
952 5263 993 5324 Et
1013 5263 1137 5342 quidem
1157 5264 1190 5325 in
1211 5270 1336 5325 vetusto
1363 5263 1503 5341 catalogo
1531 5262 1712 5325 monasterii
1740 5263 1818 5325 dicti
1844 5265 1977 5326 Beccum
2004 5263 2045 5325 ad

607 5359 674 5422 cod.
696 5363 735 5422 64
756 5361 891 5444 (Becker
911 5361 948 5422 G.
967 5362 1109 5442 Octulopt
1124 5364 1375 5424 bibliothecarum
1389 5367 1520 5441 undoni,
1535 5362 1663 5424 Bonnae
1679 5363 1766 5440 1885,
1780 5384 1810 5424 n.
1824 5365 1876 5445 86)
1894 5364 2041 5443 legimus:

609 5458 778 5522 «Hilarius
798 5459 839 5522 de
860 5457 984 5522 Sinodis
1005 5466 1037 5521 et
1059 5459 1197 5522 eiusdem
1218 5460 1299 5524 liber
1312 5467 1420 5522 contra
1433 5458 1599 5523 Valentem
1615 5467 1648 5521 et
1666 5458 1892 5522 Auxentium»
1914 5459 2043 5524 Saeculo

606 5549 833 5638 decimoquinto
853 5557 999 5621 nonnulla
1018 5557 1167 5621 historica
1185 5557 1360 5638 magmenta
1380 5555 1507 5621 fuerunt
1527 5577 1566 5620 ex
1586 5577 1621 5621 eo
1643 5579 1736 5639 opere
1749 5557 1915 5639 besodpte
1935 5579 1954 5622 a
1973 5577 2044 5637 quo
