4622 6572
1195 680 1220 726 S.
1246 679 1373 726 ulnam!

643 901 768 975 Adam
795 901 876 998 ipso
903 903 1057 976 nomine
1084 900 1331 977 nativitatem
1364 901 1514 975 Domini
1538 900 1792 996 praeformat:
1822 927 1912 976 nam
1940 924 1997 977 se-

563 1026 729 1098 cundum
748 1027 919 1122 linguam
939 1027 1154 1102 hebraicam
1173 1025 1308 1118 Adam,
1329 1027 1428 1122 quod
1448 1049 1581 1122 graece
1599 1050 1763 1122 gepyrra
1778 1019 1801 1120 ¹,
1821 1027 1861 1100 id
1879 1028 2001 1101 latine

561 1152 666 1223 terra
693 1143 870 1224 flammea
898 1153 976 1225 est:
1006 1153 1047 1224 et
1075 1150 1262 1246 scriptura
1290 1151 1449 1224 humani
1482 1151 1647 1246 corporis
1675 1173 1827 1225 carnem
1854 1154 1997 1226 terram

562 1275 676 1348 solita
692 1279 751 1350 est
768 1267 1031 1371 nuncupare²;
1053 1299 1150 1372 quae
1169 1277 1426 1372 perspiritum
1441 1277 1481 1350 in
1497 1277 1660 1351 Domino
1676 1280 1769 1350 nata
1785 1277 1830 1351 de
1851 1277 1998 1372 virgine

562 1401 602 1472 in
629 1425 769 1476 novam
798 1405 837 1475 et
865 1403 1029 1477 alienam
1058 1428 1081 1478 a
1109 1425 1148 1477 se
1176 1403 1338 1499 speciem
1361 1406 1525 1494 mutata,
1546 1403 1749 1478 conformis
1778 1404 1913 1478 effecta
1940 1407 1999 1478 est

561 1526 705 1620 gloriae
733 1527 897 1623 spiritali
925 1529 1130 1602 secundum
1151 1519 1415 1623 apostolum³:
1443 1528 1635 1602 Secundus
1665 1529 1778 1602 homo
1807 1528 1853 1602 de
1881 1529 1998 1620 coele,

562 1655 602 1725 et
619 1650 743 1726 Adam
763 1653 947 1743 coelestia,
968 1656 1034 1748 qui
1053 1653 1177 1727 Adam
1196 1653 1388 1728 terrestris
1407 1654 1533 1750 imago
1553 1657 1611 1728 est
1630 1653 1766 1727 futuri.
1787 1655 1887 1728 Tuto
1908 1675 1998 1749 ergo

561 1781 718 1852 auctore
746 1781 869 1869 tanto,
899 1781 1016 1854 etiam
1044 1778 1150 1854 Adae
1168 1801 1307 1854 nomen
1326 1801 1402 1851 non
1421 1781 1501 1854 sine
1527 1780 1656 1874 aliqua
1685 1778 1809 1852 futuri
1839 1779 1999 1854 medita·

561 1903 667 1978 tione
694 1903 930 1999 suscipimus.

641 2027 833 2124 Sequitur,
862 2028 964 2124 quod
992 2029 1165 2125 obsopito
1184 2027 1308 2102 Adam
1336 2029 1522 2104 exlatere
1552 2028 1632 2104 eius
1661 2032 1777 2125 atque
1805 2051 1887 2104 osse
1914 2029 1998 2105 Era

514 2132 565 2252 ²1
595 2153 789 2248 gignitur:
829 2176 905 2249 quo
942 2154 1136 2249 evigilato,
1165 2153 1366 2249 prophetia
1403 2175 1552 2248 quoque
1579 2154 1670 2227 talis
1698 2150 1999 2250 consequitur⁴z

564 2277 679 2353 “Hoc
706 2301 807 2354 nunc
835 2301 876 2353 os
905 2279 950 2352 de
969 2279 1116 2352 ossibus
1134 2279 1239 2368 meis,
1260 2281 1300 2352 ot
1320 2300 1406 2352 caro
1426 2277 1472 2351 de
1496 2301 1607 2352 carne
1636 2301 1733 2353 mea.
1763 2279 1855 2353 haec
1884 2301 1995 2354 voca·

557 2402 663 2477 bitur
681 2404 830 2496 mulier,
861 2396 978 2499 quia5
997 2403 1044 2478 de
1064 2404 1146 2477 viro
1167 2425 1236 2476 suo
1255 2406 1409 2497 sumpta
1429 2405 1499 2494 est,
1529 2403 1697 2478 eteritis
1717 2404 1793 2478 duo
1822 2406 1863 2478 in
1883 2427 1998 2480 carne

558 2553 635 2603 una
650 2587 682 2620 ,.
701 2530 773 2605 Hic
792 2531 887 2604 nihil
907 2521 1028 2602 mihi⁶
1046 2529 1187 2603 laboris
1207 2531 1282 2603 est:
1303 2530 1497 2625 apostolus
1517 2530 1619 2603 enim
1639 2552 1722 2603 cum
1744 2530 1858 2604 huius
1877 2531 1997 2626 ipsius

556 2655 778 2751 prophetiae
805 2654 1041 2728 meminisset
1067 2656 1124 2727 ita
1142 2645 1176 2726 ⁷:
1211 2652 1331 2726 “Hoc
1359 2653 1586 2748 mysterium
1613 2677 1795 2749 magnum
1825 2658 1895 2746 est,
1925 2677 1998 2750 ego

555 2781 687 2852 autem
715 2777 798 2852 dico
826 2779 866 2851 in
895 2777 1045 2851 Christo
1074 2780 1113 2851 et
1142 2778 1180 2851 in
1208 2777 1364 2852 ecclesia
1383 2830 1415 2865 ,.
1445 2775 1518 2851 Sed
1545 2776 1651 2852 Adae
1676 2800 1718 2851 os
1745 2765 1900 2851 tantum
1930 2779 1996 2854 de·

555 2905 724 2976 tractum
751 2903 933 2998 legimus:
963 2904 1003 2976 et
1031 2901 1220 2997 quomodo
1239 2901 1380 2976 dicitur
1407 2923 1494 2975 caro
1523 2902 1708 2977 decarne
1736 2924 1832 2992 mea,
1862 2901 1998 2978 referri

556 3025 709 3120 quidem
731 3026 780 3098 ad
798 3025 1055 3120 praesentium
1074 3029 1270 3121 gestorum
1290 3025 1403 3100 fidem
1421 3047 1480 3100 res
1499 3025 1556 3098 ita
1575 3027 1730 3119 poterit,
1755 3028 1800 3098 ut
1821 3027 1913 3121 quia
1941 3049 1996 3118 oa,

555 3152 658 3245 quod
676 3173 722 3225 ex
741 3152 861 3226 latere
880 3152 961 3226 eius
980 3152 1020 3224 in
1038 3151 1223 3226 muliebre
1242 3173 1388 3246 corpus,
1409 3173 1476 3246 per
1495 3172 1594 3242 eum,
1616 3149 1683 3245 qui
1706 3151 1836 3225 omnia
1855 3154 1996 3245 potest,

553 3275 773 3368 Dominum,
804 3267 943 3352 carne8
971 3278 1155 3352 vestitum
1184 3278 1262 3365 est;
1284 3276 1373 3370 quia
1393 3297 1434 3348 os
1460 3296 1505 3349 ex
1534 3297 1645 3349 carne
1675 3275 1893 3351 detractum
1921 3281 1994 3370 est,

555 3406 595 3477 et
622 3425 775 3475 rursum
803 3424 915 3476 carne
943 3402 1134 3490 indutum,
1163 3401 1204 3474 in
1232 3421 1366 3496 corpus
1394 3401 1580 3492 extiterit,
1603 3404 1711 3475 utos
1739 3424 1785 3475 ex
1814 3424 1908 3494 osse,
1938 3403 1998 3477 ita

552 3527 670 3602 etiam
700 3550 786 3602 caro
815 3528 866 3600 sit
885 3549 932 3601 ex
950 3547 1074 3600 carne.
1096 3519 1172 3598 Sed
1192 3526 1377 3598 Dominus
1405 3526 1446 3598 in
1473 3525 1691 3620 evangeliis,
1721 3548 1808 3600 cum
1836 3528 1996 3622 repudio

552 3652 677 3726 dando
706 3677 729 3727 a
757 3651 908 3726 ludaeis
936 3654 1149 3746 temptatus
1178 3653 1289 3741 esset,
1309 3674 1375 3745 per
1394 3672 1433 3724 se
1460 3650 1587 3746 potius
1616 3673 1731 3745 quam
1759 3674 1827 3747 per
1854 3652 1993 3745 Adam,

552 3778 623 3852 hoc
642 3779 698 3851 ita
718 3777 862 3852 dictum
883 3777 998 3850 fuisse
1019 3776 1269 3866 demonstrat,
1286 3775 1412 3850 dicens
1426 3765 1461 3847 ⁹:
1482 3779 1497 3810 “
1513 3775 1600 3849 Non
1619 3775 1777 3870 legistis,
1808 3777 1899 3872 quia
1927 3779 1997 3872 qui

551 3902 642 3978 lecit
669 3904 717 3976 ab
746 3904 857 3977 initio
885 3901 1098 3976 masculum
1122 3904 1162 3975 et
1182 3901 1388 3974 foeminam
1408 3900 1510 3990 fecit,
1532 3903 1572 3973 et
1591 3900 1709 3974 dixit:
1739 3904 1894 3996 propter
1922 3903 1996 3977 hoc

551 4029 724 4102 dimittet
751 4028 864 4101 homo
893 4030 1041 4123 patrem
1070 4030 1109 4101 et
1139 4029 1313 4118 matrem,
1334 4028 1374 4100 et
1401 4027 1516 4101 erunt
1543 4025 1618 4099 duo
1648 4025 1686 4098 in
1715 4047 1828 4100 carne
1857 4051 1936 4100 una
1956 4084 1990 4115 ,.

549 4153 631 4227 Hoc
658 4152 760 4227 enim
788 4155 874 4248 post
893 4152 942 4242 id,
963 4151 1063 4250 quod
1093 4150 1332 4241 dictumest,
1362 4173 1448 4224 caro
1477 4150 1523 4224 de
1546 4171 1658 4225 carne
1678 4171 1777 4242 mea,
1803 4151 1990 4246 sequitur.

549 4277 649 4372 Ergo
665 4267 690 4313 ¹⁰
710 4299 801 4365 rem,
823 4297 922 4370 quae
946 4275 986 4347 in
1005 4274 1128 4348 Adam
1147 4273 1449 4369 praeficiebatur,
1471 4277 1674 4348 consecuta
1697 4278 1757 4348 est
1775 4274 1993 4369 prophetia,

549 4425 635 4476 cum
650 4401 752 4476 enim
766 4405 859 4475 haec
878 4401 1073 4492 Dominus,
1090 4400 1156 4495 qui
1170 4399 1261 4474 fecit
1274 4399 1486 4474 masculum
1501 4403 1541 4475 et
1555 4399 1772 4504 foeminam,
1789 4392 1989 4473 dixerit¹¹z
2074 4384 2076 4388 ⁷

553 4523 695 4612 “Quod
725 4548 770 4601 ex
799 4548 881 4600 osse
910 4525 990 4599 eius
1010 4547 1063 4616 os,
1083 4527 1124 4598 et
1142 4545 1188 4598 ex
1217 4547 1330 4599 carne
1358 4524 1475 4620 ipsias
1496 4547 1582 4598 caro
1604 4581 1635 4615 „
1657 4503 1808 4598 locutus
1836 4526 1895 4598 est
1924 4547 1994 4620 per

548 4650 683 4742 Adam,
713 4651 752 4722 id
780 4649 881 4746 quod
907 4655 1036 4724 totum
1063 4649 1103 4724 in
1131 4649 1212 4744 ipso
1233 4648 1353 4722 Adam
1375 4652 1460 4722 erat
1485 4641 1711 4742 (foct)unr¹²;
1731 4671 1800 4724 nec
1820 4649 1994 4724 detraxit

629 4927 805 5007 ¹Gepyrra,
826 4939 860 5009 γῆ
880 4937 969 5008 eappa.
990 4926 1061 4988 Non
1087 4947 1168 4988 nova
1195 4925 1318 5004 quidem
1344 4926 1560 5005 interpretatio
1586 4925 1625 4989 de
1652 4929 1774 4990 nomine
1801 4925 1902 4988 Adam
1910 4947 1918 5005 ;
1951 4927 1992 4990 ad

547 5047 637 5104 quam
658 5027 778 5088 accedit
798 5026 1015 5104 Hieronymus,
1036 5026 1123 5088 ouius
1143 5026 1239 5086 verba
1252 5024 1393 5086 Isidorus
1410 5025 1609 5105 Hispalensis
1631 5025 1731 5107 (Θήρ.
1752 5025 1788 5087 L.
1809 5025 1882 5104 VH,
1905 5045 1932 5086 c.
1957 5028 1990 5108 6)

546 5124 659 5187 refert:
683 5123 810 5184 «Adam
814 5169 860 5185 .....
880 5124 970 5185 homo
993 5125 1060 5186 sive
1081 5130 1231 5200 terrenus,
1254 5125 1321 5187 sive
1342 5132 1426 5186 terra
1445 5127 1540 5186 rubea
1553 5125 1804 5203 interpretatur»
1826 5157 1865 5170 —
1888 5131 1993 5186 ’nun-

546 5222 652 5300 cupari
671 5257 713 5268 --
733 5230 744 5262 ³
765 5221 930 5283 conformis
952 5221 1064 5284 effecta
1084 5229 1140 5284 est.
1162 5221 1280 5301 gloriae
1309 5222 1444 5300 spiritali
1465 5229 1515 5284 est
1535 5223 1703 5284 secundum
1730 5221 1928 5302 apostolum,
1950 5259 1993 5272 -

546 5330 557 5362 ⁴
574 5320 687 5381 Genea.
708 5321 752 5398 H,
773 5340 803 5380 v.
824 5321 863 5380 23
877 5355 918 5367 -
932 5329 943 5360 ⁵
958 5339 1017 5398 qua
1036 5356 1078 5367 -
1098 5321 1164 5380 ⁶111
1184 5319 1251 5382 cod.
1273 5327 1451 5382 constanter
1471 5320 1632 5382 scribitur:
1653 5321 1746 5382 michi
1758 5355 1799 5367 -
1812 5329 1822 5362 ἵ
1836 5321 1926 5381 Paul.
1949 5321 1993 5382 ad

546 5418 660 5498 Ephes.
680 5417 719 5497 V,
741 5419 780 5476 32
801 5451 841 5462 —
863 5423 1010 5478 ⁸oarnem
1030 5453 1070 5463 -
1090 5417 1228 5479 ⁹Matth.
1250 5439 1276 5479 c.
1303 5419 1397 5498 XIX,
1417 5419 1438 5478 4
1459 5453 1496 5464 -
1520 5427 1543 5460 ¹⁰
1565 5417 1605 5479 de
1626 5437 1716 5481 carne
1737 5438 1814 5480 mea.
1841 5417 1991 5496 Sequitur

546 5537 680 5596 ergo-
703 5525 724 5558 ¹¹
747 5515 835 5576 Paul.
857 5515 896 5576 ad
917 5515 1031 5594 Ephes.
1052 5515 1091 5594 V,
1113 5517 1153 5576 30
1174 5550 1214 5563 -
1235 5523 1259 5557 ¹²
1282 5536 1390 5578 .....um.
