4622 6572
577 603 620 670 22
1205 625 1231 670 6.
1256 623 1385 668 urrann

575 841 616 917 in
643 862 775 936 campo
803 841 1091 937 prodeuntibus,
1120 846 1161 918 et
1189 844 1284 917 nihil
1311 845 1633 940 repperientibus:
1659 845 1843 923 conclusis
1871 851 2017 925 scilicet

574 965 809 1060 temporibus
836 967 1086 1059 saeculorum,
1106 967 1202 1040 nibil
1221 969 1326 1042 aliud
1344 969 1384 1042 in
1404 992 1516 1042 usum
1537 971 1683 1065 requiei
1710 976 1876 1064 nostrae,
1896 997 2013 1069 quam

575 1089 676 1184 quod
703 1093 820 1165 antea
845 1090 955 1165 nobis
982 1092 1033 1165 sit
1051 1073 1321 1187 praeparatum
1350 1097 1390 1166 et
1418 1093 1625 1186 conditum,
1650 1098 1850 1191 reperturi.
1880 1097 2014 1173 Reser-

575 1205 686 1289 vare¹
707 1214 842 1289 deinde
861 1239 951 1291 vase
970 1240 1087 1291 aureo
1102 1217 1142 1290 in
1156 1219 1354 1313 progenies
1373 1218 1525 1293 futuras
1543 1242 1676 1314 gomor
1695 1243 1856 1316 magnae
1870 1223 1911 1294 in
1927 1244 2013 1298 con·

575 1341 708 1434 spectu
724 1340 879 1414 Domini
906 1342 1094 1416 iubemur.
1124 1341 1196 1416 Sed
1219 1344 1286 1416 6161
1312 1343 1470 1417 tandem
1496 1344 1567 1418 hoc
1595 1367 1663 1418 vas
1691 1348 1763 1434 est,
1791 1349 1832 1421 et
1859 1347 1927 1419 ubi
1954 1351 2012 1420 est

574 1488 727 1557 manna,
757 1487 855 1561 quae
874 1466 1027 1540 condita
1046 1470 1106 1541 est
1124 1471 1210 1562 post
1238 1467 1456 1562 frequentes
1475 1468 1605 1563 populi
1633 1470 1905 1565 captivitatesi
1929 1474 2015 1566 post

575 1591 727 1686 gemina
754 1589 901 1664 excidia
928 1591 1032 1664 urbis
1065 1594 1104 1665 et
1137 1591 1272 1686 templi
1304 1614 1381 1665 non
1413 1595 1533 1684 extat,
1568 1593 1669 1687 quod
1702 1595 1914 1690 repositum
1942 1597 2013 1668 est.

575 1714 626 1787 Et
654 1715 745 1809 quid
774 1736 864 1809 ergo
892 1715 1085 1810 ignorasse
1112 1715 1236 1790 Deum
1263 1739 1405 1790 manna
1426 1739 1504 1790 non
1522 1739 1630 1812 posse
1660 1718 1700 1790 in
1719 1719 1938 1814 progeniem
1956 1741 2015 1794 re·

576 1840 720 1916 servari
739 1840 1025 1914 existimamusl
1044 1841 1080 1914 N
1082 1864 1131 1915 on
1151 1843 1285 1937 utique
1301 1842 1382 1936 ipsa
1397 1842 1529 1915 futura
1543 1843 1744 1916 bominum
1758 1843 1916 1917 consilia
1932 1865 2015 1938 pro·

576 1964 708 2040 videns
736 1964 929 2060 ignorasse
957 1966 1185 2040 eredendum
1213 1969 1291 2040 est:
1318 1968 1322 2059 Ι
1348 1967 1414 2040 sed
1432 1989 1499 2062 per
1517 1969 1681 2064 speciem
1709 1968 1816 2044 aurei
1843 1970 1945 2043 vasis
1973 1973 2015 2042 et

576 2111 741 2164 mannae
766 2089 808 2162 in
835 2093 1033 2186 conspectu
1055 2089 1126 2164 Dei
1154 2091 1330 2164 conditae
1357 2094 1398 2166 et
1416 2092 1457 2164 in
1484 2091 1635 2166 futuras
1662 2093 1929 2187 generationes
1954 2114 2016 2166 16-

577 2215 752 2289 servatae
779 2214 989 2310 pretiosum
1007 2236 1095 2288 eum
1114 2218 1154 2289 et
1181 2219 1382 2290 aeternum
1410 2216 1596 2314 futurum,
1617 2219 1684 2312 qui
1716 2220 1911 2312 acceptam
1932 2241 2018 2292 cor·

576 2361 667 2436 pore
680 2361 749 2412 suo
768 2341 968 2435 tamquam
982 2361 1072 2415 vase
1090 2363 1208 2415 aureo
1226 2365 1407 2415 mannam
1425 2345 1691 2416 reservaturus
1710 2345 1810 2418 esset
1830 2344 2015 2438 ostendit,

577 2461 657 2536 Deo
686 2462 852 2559 suscepti
870 2463 984 2537 huius
1013 2487 1037 2536 a
1060 2465 1169 2538 nobie
1199 2465 1382 2561 spiritalis
1410 2465 1484 2538 cibi
1513 2465 1858 2541 incontaminatam
1890 2471 2020 2541 custo·

578 2587 681 2662 diam
710 2591 928 2666 contuente.

862 2713 1028 2809 Explicit
1055 2715 1152 2789 liber
1178 2717 1335 2811 primus.
1364 2716 1504 2812 Incipit
1531 2717 1731 2791 secundus.

1210 3087 1266 3162 Dc
1295 3087 1388 3161 0666.

657 3337 709 3412 Ε1
736 3338 776 3411 in
803 3337 901 3412 libro
938 3337 1211 3433 prophetarum
1239 3336 1288 3411 ad
1316 3335 1410 3411 Osee
1437 3339 1477 3410 et
1504 3336 1589 3412 aliis
1617 3337 1771 3412 Domini
1808 3361 1933 3416 sermo
1966 3341 2022 3415 le·

576 3463 682 3559 gitur
699 3455 734 3537 ²:
773 3462 937 3554 “Vade,
966 3463 1092 3558 accipe
1124 3463 1198 3536 tibi
1233 3483 1390 3536 uxorem
1425 3462 1708 3555 fornicationiS,
1744 3487 1861 3559 quam
1898 3465 2020 3539 forni-

578 3588 710 3679 cando,
739 3586 991 3662 lornicabitur
1017 3591 1164 3662 161166
1184 3586 1347 3660 Domino
1371 3641 1404 3674 ,.
1423 3587 1474 3660 Et
1492 3591 1579 3682 post
1607 3589 1743 3680 multa,
1765 3611 1864 3685 quae
1891 3591 2021 3665 media

578 3717 669 3789 sunt
697 3714 809 3809 plena
836 3713 1113 3788 maledictionis
1142 3714 1183 3785 in
1210 3733 1307 3803 eam,
1328 3715 1369 3786 et
1397 3715 1483 3806 post
1509 3716 1666 3808 partum
1703 3713 1834 3806 Israel,
1869 3718 1910 3789 61
1942 3738 2021 3789 non

578 3839 759 3931 dilectae,
787 3841 827 3913 61
860 3860 937 3912 non
975 3838 1106 3934 populi
1142 3837 1229 3928 mei,
1265 3839 1359 3912 baec
1396 3841 1676 3932 cognoscuntur
1695 3829 1728 3912 ³:
1767 3839 2021 3935 “,Disponam

577 3967 710 4038 autem
736 3962 812 4036 illis
839 3983 885 4036 ea
913 3962 973 4036 die
1000 3962 1041 4035 in
1066 3964 1343 4035 testamentum
1362 3982 1448 4035 cum
1466 3961 1597 4035 bestiis
1616 3962 1699 4057 agri
1726 3966 1767 4036 et
1793 3962 2019 4038 volatilibus

578 4088 675 4163 coeli
701 4091 743 4162 61
769 4085 1010 4182 serpentibus
1036 4089 1174 4177 terrae,
1194 4088 1234 4160 et
1262 4107 1392 4160 arcum
1419 4088 1460 4159 et
1487 4085 1674 4161 frameam
1692 4090 1733 4162 et
1755 4086 1896 4162 bellurn
1928 4109 2016 4162 con·

578 4217 705 4288 teram
731 4211 777 4286 de
804 4215 927 4300 terra;
958 4213 998 4286 et
1016 4210 1221 4286 conlocabo
1248 4211 1288 4284 16
1316 4210 1357 4282 in
1384 4231 1448 4303 spe
1476 4210 1548 4306 ipsi
1574 4210 1615 4284 in
1645 4214 1857 4286 aeternum.
1897 4211 2018 4307 Spon-

580 4338 672 4411 sabc
699 4339 740 4411 te
767 4335 863 4408 mibi
890 4335 930 4407 in
957 4333 1108 4407 16611116
1135 4336 1176 4407 61
1203 4331 1288 4423 fide,
1317 4335 1357 4406 et
1394 4353 1594 4426 cognosces
1622 4333 1846 4422 Dominum;
1877 4337 1918 4408 et
1945 4337 2023 4408 erit

580 4461 620 4534 in
647 4459 715 4533 illa
744 4459 816 4552 die,
846 4458 938 4534 dicit
965 4459 1167 4546 Dominus;
1197 4457 1399 4533 exaudiam
1427 4458 1542 4549 66616,
1568 4461 1608 4531 61
1637 4458 1784 4533 coelum
1811 4462 1954 4551 161166,
1982 4463 2023 4535 61

580 4586 686 4658 16116
721 4582 901 4657 exaudiet
935 4582 1173 4656 frumentum
1201 4585 1242 4654 et
1268 4581 1403 4655 uinum
1430 4583 1470 4654 61
1503 4581 1651 4671 oleum;
1682 4603 1802 4677 eaque
1839 4583 2023 4656 exaudiet

580 4705 717 4781 Israel:
746 4709 787 4781 et
813 4705 1008 4780 seminabo
1035 4726 1121 4779 eam
1148 4704 1243 4778 mihi
1273 4726 1386 4799 super
1417 4705 1573 4796 terram,
1602 4708 1643 4779 et
1670 4705 1827 4800 diligam
1854 4728 1933 4779 non
1963 4705 2020 4779 di·

664 4973 672 5006 ¹
688 4963 895 5028 reservari-
910 4971 921 5004 ²
937 4965 1028 5042 Osee,
1048 4984 1074 5024 c.
1088 4963 1115 5041 I,
1129 4983 1158 5025 v.
1180 4965 1208 5024 2.
1223 4962 1261 5022 In
1275 4961 1402 5040 urdgata
1420 4957 1552 5039 legitur:
1569 4963 1694 5041 «Vade,
1709 4983 1795 5025 sume
1817 4962 1875 5024 tibi
1894 4983 2024 5026 uxorem

583 5065 827 5143 fornicationum,
849 5069 882 5125 et
899 5062 950 5124 fac
969 5063 1028 5123 tibi
1048 5063 1129 5123 filios
1150 5060 1394 5138 fornicationum,
1416 5059 1487 5137 quia
1506 5059 1662 5123 fornicans
1683 5061 1885 5124 fornicabitur
1905 5068 2025 5126 terrae

583 5162 740 5225 Domino»
761 5197 795 5210 -
817 5159 935 5238 ³Osee,
956 5180 982 5222 c.
1003 5161 1038 5221 Π
1057 5179 1087 5222 v.
1110 5161 1157 5238 18,
1180 5160 1226 5219 19.
1248 5158 1402 5236 Vulgata:
1426 5157 1496 5217 «uc
1515 5159 1684 5236 percutiam
1700 5180 1770 5220 cum
1790 5160 1836 5222 eis
1857 5143 1970 5223 foedus
1991 5161 2024 5222 in

585 5261 637 5323 die
649 5260 714 5338 illa,
734 5277 803 5321 cnm
822 5257 933 5319 bestiis
954 5257 1029 5338 agri,
1045 5263 1159 5320 etcum
1178 5256 1303 5318 volucre
1317 5256 1405 5334 coeli,
1427 5261 1459 5316 et
1478 5274 1548 5316 cum
1560 5257 1667 5336 reptili
1679 5265 1798 5334 terrae;
1814 5264 1847 5320 et
1860 5278 1975 5336 arcum,
1991 5265 2024 5320 61

584 5357 731 5437 gladium,
746 5362 779 5418 61
790 5355 905 5417 bellum
918 5361 1074 5417 conteram
1088 5355 1127 5416 de
1146 5361 1249 5432 terra3
1271 5360 1304 5415 61
1317 5353 1450 5414 dormire
1465 5372 1518 5414 eos
1532 5352 1645 5416 faciam
1657 5354 1851 5418 fiducialiter.
1866 5355 1908 5416 Et
1929 5375 2023 5434 spon-

586 5457 661 5519 sabo
682 5462 714 5519 16
734 5452 810 5516 mihi
829 5452 862 5513 in
881 5453 1120 5533 sempiternum,
1141 5459 1174 5514 et
1193 5452 1345 5529 sponsabo
1367 5457 1399 5512 16
1416 5447 1495 5511 'mihi
1515 5449 1548 5512 in
1568 5451 1913 5516 166111166116111616».
