4622 6572
868 723 901 768 V.
924 722 970 768 DE
992 719 1181 768 Pur-nomm
1652 720 1740 766 XXXV

302 944 385 1020 oleo
414 967 438 1018 a
464 965 504 1019 se
532 941 771 1016 illuminatas
798 942 971 1016 mutaret
998 941 1038 1015 in
1076 941 1170 1035 dies,
1208 941 1338 1016 omnia
1375 939 1635 1036 antiquorum,
1672 939 1739 1036 qui

301 1085 595 1164 commentarios
614 1086 654 1160 in
674 1107 799 1160 saoras
826 1085 986 1184 paginas
1005 1084 1220 1177 ediderunt,
1241 1085 1383 1182 scripta
1401 1105 1637 1182 percurrens,
1658 1083 1740 1158 Ori·
1777 1167 1779 1172 ¹

301 1234 407 1330 genis
435 1236 476 1307 et
503 1231 676 1328 Gregorii
703 1234 743 1306 st
771 1229 955 1327 Stephani
975 1233 1017 1306 et
1045 1230 1161 1305 Pierii
1196 1233 1236 1306 et
1263 1229 1407 1320 Basilii,
1429 1233 1469 1304 st
1487 1228 1742 1327 quorumdam

301 1377 466 1452 aliorum
484 1376 698 1472 praestanti
717 1375 865 1452 virtute
885 1375 1070 1470 virorum.
1089 1373 1125 1448 N
1127 1397 1176 1449 on
1195 1375 1337 1452 leviter
1357 1397 1479 1473 neque
1492 1379 1636 1452 temere
1649 1375 1743 1449 haeo

302 1540 537 1616 percurrens,
566 1518 632 1595 sed
661 1518 857 1608 elaborate
878 1519 1018 1616 septies
1046 1519 1107 1595 val
1136 1518 1253 1594 octies
1276 1539 1584 1615 unumquemque
1603 1517 1744 1592 librum

301 1665 512 1762 perlegens
542 1668 589 1739 ut
615 1663 753 1739 horum
783 1663 990 1738 verborum
1018 1664 1146 1760 gratia
1173 1663 1215 1737 in
1241 1664 1364 1738 altum
1394 1663 1617 1759 erigeretur.

382 1805 484 1880 Illud
512 1805 666 1903 quidem
693 1806 768 1882 iter
794 1826 863 1903 per
890 1804 1108 1902 Aegyptum
1138 1804 1409 1906 Alexandriam
1438 1825 1570 1881 versus
1595 1825 1641 1878 ex
1660 1803 1743 1900 ipso

304 1947 477 2024 Palladio
505 1948 722 2024 confectum
737 1969 818 2023 esse
832 1947 971 2022 scimus
985 1947 1197 2022 Theodosio
1212 1970 1351 2044 magno
1366 1949 1424 2022 bis
1444 1948 1608 2038 oonsule,
1623 1945 1663 2020 id
1683 1947 1744 2020 est

303 2114 404 2167 auno
424 2093 594 2188 vulgaris
612 2114 700 2167 erae
721 2092 797 2166 388
811 2082 835 2166 ¹.
857 2091 942 2167 Nou
962 2095 1021 2167 est
1040 2091 1134 2166 mihi
1154 2092 1313 2166 dubium
1333 2091 1536 2166 Melaniam
1556 2091 1745 2166 seniorem

304 2239 340 2314 ei
368 2239 547 2315 comitem
575 2238 702 2330 fuisse,
731 2237 893 2312 fortasse
921 2237 1040 2313 etiam
1067 2236 1348 2335 Hieronymum
1376 2259 1463 2312 oum
1501 2235 1634 2311 Paula.
1673 2235 1744 2310 Ille

304 2384 439 2478 postea
467 2382 516 2457 ad
545 2381 765 2457 Thebaiden
792 2380 999 2456 monachos
1026 2384 1189 2473 sanctor,
1229 2397 1391 2477 quorum
1433 2381 1542 2476 gesta
1582 2399 1745 2454 comme·

305 2528 444 2619 morat,
473 2524 627 2602 videndi
655 2525 783 2622 gratia
811 2511 1021 2600 contendit.
1050 2524 1151 2598 Dum
1180 2523 1300 2601 Silvia
1327 2521 1602 2620 Hierosolymis
1621 2544 1745 2596 mora-

306 2667 434 2762 batur,
462 2667 645 2744 Rufinum
673 2667 971 2765 Aquileiensem,
1001 2666 1067 2764 qui
1095 2669 1329 2742 monasterio
1358 2665 1641 2763 quinquaginta
1667 2667 1744 2743 vir-

190 2863 204 2884 .
305 2813 437 2910 ginum
465 2838 489 2889 a
516 2812 682 2889 Melania
709 2813 921 2888 constituto
950 2812 1186 2888 sanctissime
1214 2814 1402 2907 praeerat,
1423 2811 1613 2901 convenit,
1634 2811 1746 2907 eique

304 2948 498 3053 praecepit
516 2959 562 3030 ut
580 2955 873 3052 Recognitiones
895 2978 923 3029 s.
944 2955 1148 3031 Clementis
1176 2977 1197 3030 e
1215 2976 1350 3052 graeco
1377 2955 1418 3028 in
1435 2954 1599 3029 latinum
1619 2957 1744 3030 verto·

305 3105 387 3178 ret:
417 3102 525 3177 cuius
552 3100 736 3175 mandato
765 3098 938 3191 Rufinus,
968 3102 1013 3173 ut
1040 3098 1126 3195 ipse'
1147 3099 1306 3208 fatetur,
1335 3119 1418 3174 sero
1439 3101 1479 3174 et
1499 3095 1585 3195 post
1604 3096 1748 3174 Silviae

181 3318 187 3332 ,
309 3248 474 3321 mortem
502 3245 669 3320 absolvit
682 3235 709 3318 ².

382 3376 433 3461 ¹ln
461 3387 555 3461 urbe
582 3383 1001 3480 constantinopolitana
1029 3406 1052 3457 a
1079 3383 1218 3458 Rufino
1247 3384 1368 3459 fratre
1396 3382 1516 3459 Silvia
1533 3384 1687 3458 retenta
1708 3403 1749 3457 se

307 3527 357 3602 ad
376 3527 566 3604 virtutem
584 3532 625 3602 et
643 3527 870 3623 religionem
897 3525 1143 3601 excolendam
1171 3525 1399 3622 Olympiadi,
1424 3525 1614 3601 foeminae
1643 3524 1748 3621 pien-

306 3673 477 3748 tissimae
506 3677 623 3771 atque
650 3671 923 3762 sanctissimae,
953 3671 1085 3746 ducem
1111 3672 1308 3769 praebuit:
1330 3671 1432 3769 quod
1452 3675 1582 3746 tamen
1602 3671 1641 3745 in
1659 3670 1748 3744 His·

307 3817 410 3892 toria
436 3817 621 3892 Lausiaoa
648 3817 773 3913 legere
799 3817 911 3892 iuvat
923 3806 947 3890 ³.
979 3815 1139 3890 Rufinus
1167 3838 1213 3891 ex
1231 3815 1454 3912 Aquitania,
1474 3815 1600 3914 patria
1621 3837 1703 3906 sua,
1724 3838 1748 3889 a

307 3957 519 4036 Theodosio
547 3962 689 4036 accitus
718 3961 869 4035 circiter
897 3983 1039 4035 annum
1066 3961 1155 4050 384,
1176 3960 1307 4036 multis
1326 3959 1644 4058 amplissimisque
1664 3983 1749 4032 mu·

308 4103 461 4177 neribus
489 4106 622 4200 postea
649 4105 856 4177 exornatus
884 4103 1051 4176 maxima
1079 4101 1119 4174 in
1147 4103 1296 4177 oriente
1324 4101 1464 4198 polluit
1490 4101 1746 4178 auctoritate:

390 4403 498 4465 ¹Hist.
519 4401 613 4464 Laus.
634 4422 661 4464 o.
683 4404 710 4463 1.
733 4401 765 4463 iu
785 4400 855 4488 rita
870 4399 995 4463 Isidori.
1017 4400 1066 4463 De
1086 4399 1222 4463 Melania
1242 4401 1373 4480 seniore,
1389 4420 1465 4480 quae
1483 4420 1621 4464 sororem
1642 4400 1750 4464 Rufini

308 4498 441 4565 fortasse
460 4500 682 4576 oouoitabatur,
704 4499 776 4562 vide
796 4499 915 4577 Monar,
942 4501 995 4561 Via
1009 4503 1045 4560 de
1059 4501 1141 4562 Jean
1164 4499 1388 4579 Otryooatome,
1410 4501 1504 4562 Paria
1524 4501 1613 4578 1664,
1633 4521 1664 4580 p.
1680 4501 1749 4562 206.

308 4599 377 4661 Iter
395 4598 429 4660 iu
448 4599 628 4678 Aegyptum
647 4597 832 4677 Hieronymi
845 4615 914 4659 oum
928 4597 1028 4658 Paula
1043 4617 1111 4658 ann.
1126 4599 1186 4658 386
1201 4597 1313 4659 statuit
1326 4595 1508 4675 Engelstoft
1529 4598 1751 4679 (Hieronymus

312 4696 534 4774 stridonensis,
555 4695 698 4758 Hauniao
721 4697 799 4758 1797
820 4716 850 4775 p.
871 4696 933 4778 62).

289 4801 292 4806 ’
391 4795 403 4832 ²
417 4795 531 4874 Rufini,
546 4794 704 4857 Praefatio
719 4795 750 4856 in
761 4795 858 4857 libros
872 4795 1168 4874 Reosoognitionum
1179 4793 1219 4855 ad
1231 4793 1440 4856 Gaudentium
1451 4794 1642 4875 episcopum:
1656 4819 1671 4856 ‹
1684 4796 1750 4860 Nos

310 4899 423 4971 tamon,
444 4911 521 4971 quos
543 4899 575 4955 st
596 4892 714 4971 ingenii
734 4892 870 4954 tenuitas
891 4893 992 4954 miuus
1013 4900 1150 4974 proptos,
1174 4899 1206 4954 et
1227 4899 1354 4954 sensata
1368 4893 1429 4953 iam
1443 4893 1548 4954 reddit
1569 4915 1604 4956 ao
1625 4913 1749 4974 segnes,

312 5011 390 5070 opus
411 4991 493 5069 quod
513 4991 587 5052 olim
607 4990 801 5054 venerandas
821 4991 989 5054 memoriae
1009 4991 1097 5069 virgo
1120 4990 1228 5070 Sylvia
1241 4990 1425 5070 iniunxerat,
1439 4997 1476 5054 ut
1491 4991 1682 5055 Clementem
1700 5013 1752 5055 uo·

313 5100 396 5153 strae
416 5091 540 5169 linguae
561 5089 723 5152 redderem
744 5097 776 5151 et
796 5097 832 5152 tu
852 5089 965 5153 deinde
985 5091 1052 5152 iure
1072 5089 1262 5152 hereditario
1284 5091 1444 5168 poscebas,
1459 5091 1534 5153 lioet
1547 5091 1662 5152 multas
1680 5097 1752 5171 post

312 5209 414 5252 moras
434 5189 626 5252 restituimus
641 5188 796 5269 praedam.
809 5213 824 5249 r
842 5191 883 5251 Et
898 5191 929 5251 iu
942 5190 1138 5270 peroratione
1154 5188 1324 5251 Commeat.
1341 5189 1486 5268 Origanis
1499 5191 1532 5250 iu
1546 5189 1637 5252 Pauli
1653 5191 1751 5269 epist:

315 5288 423 5350 «Post
441 5288 500 5350 hoo
520 5308 596 5350 saue
615 5295 707 5350 vooat
727 5308 784 5350 nos
800 5308 886 5367 opus,
901 5288 983 5366 quod
997 5287 1070 5349 olim
1086 5288 1209 5366 quidem
1230 5288 1400 5350 iniunctum
1414 5295 1465 5350 est
1478 5308 1497 5349 a
1512 5296 1619 5351 sanata
1644 5287 1752 5368 silvia,

314 5386 372 5448 sod
391 5407 471 5448 nuno
491 5408 510 5449 a
529 5386 620 5449 beato
641 5385 817 5448 Gaudentio
837 5393 1037 5468 perurgetur:
1059 5385 1230 5449 Clementis
1250 5386 1371 5449 scilieet
1389 5387 1508 5449 romani
1523 5387 1662 5468 episcopi
1683 5407 1753 5468 apo·

316 5485 466 5547 stolorum
485 5485 607 5546 oomitis
628 5483 711 5563 libri,
732 5491 768 5546 ut
787 5483 819 5546 in
839 5486 970 5547 latinum
989 5491 1194 5547 vertantur.»

398 5581 509 5645 ³Hist.
530 5582 552 5644 1.
573 5601 598 5643 o.
622 5583 690 5643 144.
