4604 6560
714 695 758 740 sn
780 693 867 740 noos
890 691 1017 739 sancus
1041 695 1094 740 ιιι.
1119 699 1217 742 sas-ass
1620 676 1681 742 101

248 914 428 1010 quoniam
455 913 546 1012 ipsis
583 914 716 990 diebus
752 935 864 990 nemo
902 913 1109 1008 ieiunatur,
1147 915 1188 990 in
1223 915 1328 1014 Syon
1366 917 1586 1013 proceditur
1620 918 1686 994 sed
1726 910 1732 922 '

247 1061 382 1114 mane:
410 1041 456 1115 fit
482 1042 599 1116 missa
627 1040 758 1116 ordine
784 1061 866 1114 suo.

326 1165 398 1241 Die
426 1167 560 1242 eadem
588 1165 966 1264 quadragesimarum
985 1167 1072 1260 post
1089 1166 1240 1261 pascha,
1262 1167 1361 1242 idest
1388 1168 1524 1264 quinta
1548 1169 1644 1246 feria
1659 1163 1683 1261 ¹,

247 1290 369 1388 pridie
395 1312 527 1367 omnes
554 1297 642 1388 post
660 1294 781 1383 sexta,
801 1291 841 1365 id
860 1293 919 1365 θεὴ
945 1294 1087 1387 quarta
1114 1290 1221 1383 feria,
1249 1292 1290 1365 in
1318 1293 1518 1368 Bethleem
1543 1294 1686 1370 radunt

248 1419 403 1512 propter
429 1417 580 1512 uigilias
607 1415 864 1491 celebrandas.
892 1415 1011 1490 Fiunt
1038 1420 1173 1492 autem
1200 1417 1356 1513 vigiliae
1388 1419 1430 1492 in
1461 1420 1618 1496 ecclesia
1645 1423 1685 1496 in

248 1541 459 1632 Bethleem,
487 1541 527 1615 in
555 1566 632 1638 qua
660 1542 817 1618 ecclesia
844 1542 1114 1637 speluncaest,
1135 1543 1201 1616 ubi
1219 1546 1335 1617 natus
1367 1546 1426 1618 θεὴ
1458 1544 1643 1620 Dominus
1657 1538 1683 1622 ².

249 1665 337 1740 Alia
363 1666 424 1741 die
451 1670 594 1758 autem,
622 1666 662 1740 id
681 1671 741 1741 est
759 1667 895 1763 quinta
924 1667 1021 1741 feria
1048 1667 1438 1765 quadragesimarum,
1468 1671 1686 1756 celebratur

249 1791 363 1866 missa
391 1791 524 1868 ordine
551 1773 633 1885 sue,
661 1793 719 1866 ita
748 1795 793 1866 ut
820 1795 861 1867 θὴ
888 1792 1089 1886 presbiteri
1116 1795 1157 1866 et
1186 1793 1383 1889 episcopus
1401 1794 1609 1891 predicent,
1631 1797 1686 1870 di·

250 1920 377 1992 centes
405 1921 495 2015 apte
523 1918 599 1992 diei
627 1922 667 1993 et
694 1918 797 1993 loco:
827 1921 867 1993 θὴ
894 1917 1137 2013 postmodum
1170 1940 1255 1993 sera
1287 1922 1538 1995 reuertuntur
1569 1943 1685 1994 unus·

250 2043 409 2140 quisque
438 2045 479 2116 in
506 2043 744 2118 Ierusolimu.

330 2168 736 2264 Quinquagesimarum
765 2167 996 2258 autemdie,
1024 2167 1150 2242 idest
1180 2169 1380 2262 dominica,
1410 2170 1574 2267 quadie
1603 2196 1685 2248 ma·

248 2293 374 2367 ximus
401 2293 510 2369 labor
538 2297 596 2370 θεὴ
613 2295 768 2390 populo,
788 2297 958 2389 aguntur
977 2293 1106 2368 omnia
1124 2295 1177 2367 sic
1196 2295 1243 2369 de
1261 2295 1366 2391 pullo
1386 2297 1539 2391 quidem
1557 2299 1685 2392 primo

250 2393 360 2491 iuxta
387 2418 721 2493 consuetudinem:
750 2418 935 2514 vigilatur
962 2419 1003 2492 in
1034 2419 1233 2510 Anastase,
1269 2424 1316 2495 ub
1349 2422 1455 2516 legat
1488 2424 1684 2519 episcopus

249 2543 375 2617 locum
402 2541 513 2615 illum
542 2543 742 2638 evangelii,
772 2543 839 2639 qui
865 2565 1013 2639 semper
1041 2543 1230 2619 dominica
1262 2545 1322 2620 die
1358 2547 1512 2642 legitur,
1548 2547 1587 2620 id
1624 2551 1683 2622 θεὴ

249 2668 566 2742 resurrectionem
594 2667 768 2742 Domini:
797 2670 838 2743 et
865 2667 1109 2764 postmodum
1137 2691 1182 2744 ea
1210 2675 1380 2768 aguntur
1405 2673 1446 2745 in
1484 2671 1686 2764 Anastase,

250 2813 348 2889 quae
377 2793 715 2868 consuetudinaria
743 2796 846 2884 sunt,
875 2794 975 2869 sicut
1005 2797 1091 2870 ὴοὴο
1128 2818 1239 2870 anno.
1276 2795 1370 2870 Dum
1407 2801 1539 2872 autem
1576 2821 1689 2874 mane

249 2917 395 2992 factum
423 2917 553 3008 fuerit,
573 2918 791 3014 proceditur
819 2919 942 2994 omnis
970 2907 1132 3016 populus
1160 2921 1200 2994 in
1218 2921 1374 2996 ecclesia
1392 2923 1547 3015 maiore,
1572 2923 1612 2996 id
1632 2927 1692 2998 θεὴ

250 3043 298 3117 ad
326 3043 576 3139 Martyrium:
606 3047 774 3138 aguntur
801 3045 920 3118 etiam
947 3047 1087 3135 omnia,
1116 3069 1214 3142 quae
1242 3047 1577 3122 consuetudinaria
1597 3052 1689 3123 sunt

251 3167 331 3263 agi:
360 3167 558 3262 predicant
585 3168 797 3263 presbiteri,
827 3170 1072 3265 postmodum
1100 3171 1314 3267 episcopus:
1354 3176 1523 3268 aguntur
1558 3175 1687 3247 omnia

250 3293 433 3388 legitima,
462 3291 502 3367 id
529 3295 589 3366 θεὴ
616 3293 776 3368 offertur
803 3294 914 3367 iuxta
941 3295 1268 3390 consuetudinem,
1298 3320 1374 3392 qua
1402 3298 1592 3374 dominica
1626 3300 1687 3375 die

249 3417 449 3493 consueuit
474 3416 575 3508 fieri3
605 3417 670 3492 sed
698 3417 830 3494 eadem
858 3417 1098 3493 adceleratur
1131 3420 1245 3493 missa
1283 3421 1322 3493 iu
1359 3421 1601 3518 Martyrium,
1639 3426 1687 3498 ut

248 3543 339 3615 ante
365 3540 461 3616 hora
486 3543 604 3617 tertia
631 3541 711 3616 fiat.
741 3541 1066 3628 Quemadmodum
1094 3543 1197 3617 enim
1224 3543 1339 3617 missa
1357 3543 1461 3618 facta
1486 3545 1604 3620 fuerit
1632 3547 1682 3620 ad

330 3854 339 3890 ¹
353 3854 527 3918 Festivitas
541 3857 743 3920 Ascensionis
757 3852 892 3928 Domini,
907 3876 986 3933 quae
1000 3856 1160 3918 colebatur
1174 3857 1225 3919 die
1239 3858 1477 3938 quadragesima
1487 3865 1560 3938 post
1569 3859 1693 3921 Pascha

250 3946 515 4016 Resurrectionie:
535 3954 645 4034 pridie,
666 3952 700 4013 id
721 3960 771 4014 est
791 3953 841 4014 die
862 3953 1017 4029 Mercurii,
1039 3961 1112 4034 post
1131 3955 1239 4016 horam
1259 3963 1380 4018 sextam
1399 3957 1563 4019 Bethleem
1577 3957 1694 4038 profici·

251 4051 416 4112 scebautur
436 4051 476 4112 ad
497 4051 623 4130 vigilias
642 4051 851 4114 celebrandas.

330 4147 439 4222 ’Quia
457 4168 519 4210 non
541 4158 608 4210 erat
627 4150 714 4212 loeus
734 4150 766 4210 in
788 4150 959 4213 diversorio
980 4152 1080 4213 Maria
1095 4160 1128 4214 θὴ
1147 4153 1264 4233 Ioseph
1277 4154 1310 4214 in
1329 4161 1460 4230 antrum,
1477 4154 1528 4214 ubi
1543 4175 1693 4236 praesepe

249 4245 410 4309 inventum
431 4255 490 4325 θεὴ,
512 4269 547 4310 se
567 4256 760 4328 receperunt.
781 4249 830 4310 De
851 4249 1005 4328 spelunca,
1021 4251 1054 4310 in
1068 4271 1128 4328 qua
1141 4258 1232 4312 natus
1247 4261 1295 4314 θεὴ
1309 4253 1409 4330 Ιθειιε,
1425 4253 1606 4314 testimonia
1619 4261 1694 4314 sunt

251 4345 465 4423 antiquissima
486 4368 521 4408 ac
541 4346 769 4425 probatissima.
790 4348 931 4410 Iustinus
946 4369 985 4408 m.
1001 4349 1034 4409 in
1056 4349 1181 4429 dialogo
1204 4371 1273 4411 cum
1294 4351 1465 4430 Triphone:
1489 4351 1545 4426 ‹y'n
1567 4372 1693 4431 specum

251 4444 414 4521 quemdam
433 4443 502 4505 vico
524 4465 560 4506 eo
581 4445 753 4528 proximum
773 4447 926 4507 concessit
949 4447 1124 4528 (losephb.
1149 4449 1301 4526 Origenes
1323 4447 1355 4510 in
1376 4449 1510 4525 Celsum,
1528 4451 1629 4529 1.1,c.
1645 4453 1692 4511 51:

254 4543 444 4621 ‹Intelligat
457 4550 491 4605 et
510 4543 543 4604 in
563 4543 727 4605 Betlehem
748 4545 927 4624 speluncam
948 4545 1080 4622 ostendi,
1100 4547 1154 4608 ubi
1175 4547 1229 4608 ille
1250 4555 1299 4609 θεὴ
1318 4555 1420 4626 natus,
1443 4556 1474 4610 θὴ
1495 4549 1527 4609 in
1549 4548 1694 4628 spelunca

251 4660 415 4720 praesepe:
430 4640 513 4719 quod
527 4641 632 4719 utique
645 4647 678 4702 et
688 4641 720 4704 in
730 4641 794 4704 illis
806 4643 883 4705 locis
903 4644 1120 4723 pervulgatum
1135 4651 1184 4706 est
1195 4669 1222 4705 ι.
1239 4645 1270 4706 S.
1285 4645 1504 4725 Hieronymus,
1520 4646 1574 4724 qui
1594 4647 1695 4709 eidem

254 4731 414 4814 ecelesiae,
436 4739 490 4799 ubi
511 4740 657 4818 spelunca
678 4747 755 4819 erat,
774 4741 921 4819 praefuit,
942 4743 988 4803 ita
1008 4742 1117 4804 scribit
1138 4742 1177 4804 de
1199 4764 1223 4805 ε.
1244 4744 1358 4805 Paula:
1383 4744 1487 4806 ‹Iude
1507 4745 1696 4807 Bethlehem

253 4837 405 4916 ingressa,
420 4844 453 4898 et
466 4837 499 4898 iu
512 4857 637 4916 specum
650 4838 820 4900 Salvatoris
841 4838 1031 4901 introiens».
1053 4840 1156 4902 Antea
1169 4841 1237 4920 ipse
1257 4841 1290 4902 in
1311 4841 1444 4921 epistola
1457 4843 1574 4904 Paulae
1590 4852 1622 4905 θὴ
1636 4844 1695 4904 Eu·

252 4935 363 4996 stachii
377 4934 418 4997 sd
432 4935 626 4998 Marcellam:
650 4937 807 5016 «Verum,
829 4946 864 4999 ut
880 4938 920 5000 ad
934 4937 1075 5000 villulam
1096 4938 1214 5000 Christi
1235 4947 1268 5000 et
1287 4939 1406 5002 Mariae
1420 4938 1626 5003 diversorium
1647 4963 1697 5004 ve

251 5033 383 5110 siamus,
405 5053 463 5111 quo
486 5053 635 5110 sermone,
657 5055 814 5113 quavoce,
830 5037 1008 5117 speluncam
1027 5037 1086 5098 tibi
1106 5057 1271 5115 possumus
1294 5037 1466 5100 Salvatoris
1488 5041 1692 5117 exponeret»

252 5129 295 5191 Bt
314 5130 455 5192 subiicit:
478 5131 587 5194 «Ecce
608 5132 640 5192 in
660 5133 718 5194 hoe
738 5154 840 5213 parvo
861 5143 961 5196 terrae
981 5135 1131 5198 foramine
1152 5137 1305 5197 caelorum
1326 5134 1467 5197 conditor
1486 5145 1579 5198 natus
1607 5144 1655 5198 est
1667 5161 1694 5197 ›.

253 5227 430 5290 Antoninus
444 5249 485 5290 m.
499 5248 565 5308 oap.
587 5231 643 5288 29:
668 5230 737 5291 ‹Dt
757 5230 941 5292 Bethlehem
963 5239 1012 5292 θεὴ
1032 5232 1119 5293 locus
1141 5233 1338 5310 splendidus:
1355 5232 1436 5292 servi
1451 5232 1513 5293 Dei
1531 5233 1629 5295 multi.
1645 5235 1697 5295 Ibi

253 5331 303 5386 est
317 5327 474 5404 spelunea,
495 5328 550 5388 ubi
570 5335 662 5390 natus
684 5335 734 5390 est
754 5329 921 5391 Dominus:
944 5331 977 5390 in
990 5351 1050 5408 qua
1063 5338 1113 5391 θεὴ
1132 5321 1281 5409 praesepe
1297 5351 1334 5392 ex
1349 5351 1423 5393 auro
1444 5339 1476 5394 et
1498 5339 1627 5410 argento
1649 5353 1693 5393 or-

257 5429 374 5501 natum,
389 5430 421 5485 et
435 5423 487 5485 die
506 5432 659 5504 noctuque
681 5426 845 5489 luminaria
865 5429 909 5489 ibi
941 5427 1028 5489 liunt.
1052 5428 1096 5490 Os
1121 5449 1195 5490 vero
1216 5431 1379 5508 speluncae
1399 5424 1440 5492 ad
1461 5430 1696 5510 ingrediendum

259 5527 423 5598 angustum
443 5523 565 5585 omniuo
576 5547 602 5583 a.
