4622 6572
580 678 623 743 56
1074 698 1100 742 s.
1125 698 1256 742 sirmas
1280 699 1527 744 rnnsnurnsrro

583 921 623 993 et
641 919 718 992 alia
738 917 793 1013 Og
848 917 946 1014 regis
975 907 1111 1008 Busan',
1131 940 1228 1013 quae
1241 941 1343 993 nunc
1362 919 1501 992 dicitur
1518 908 1689 993 Sasdra¹.
1710 919 1810 993 Item
1826 919 1872 993 de
1893 919 2028 994 eodem

519 1057 556 1114 44
582 1045 664 1116 loco
680 1046 833 1118 ostensa
845 1049 904 1118 est
917 1043 1026 1118 uobis
1042 1067 1065 1116 a
1080 1049 1213 1118 contra
1228 1044 1351 1140 chor
1361 1039 1385 1133 ²,
1404 1067 1502 1140 quae
1517 1045 1593 1117 fuit
1605 1036 1609 1144 l
1621 1043 1756 1120 civitas
1770 1046 1879 1140 regni
1893 1045 2026 1118 Edom.

530 1143 562 1281 ll
582 1168 664 1241 Hae
680 1171 809 1242 autem
826 1168 1004 1244 civitates
1024 1191 1166 1259 omncs
1188 1193 1281 1264 quas
1301 1169 1537 1262 videbamus,
1557 1170 1596 1241 in
1616 1170 1810 1244 montibus
1831 1174 1942 1244 erant
1960 1193 2027 1265 po·

583 1295 692 1384 sitae,
722 1294 823 1368 iufra
851 1296 983 1368 autem
1012 1293 1157 1368 modice
1186 1295 1362 1368 deorsum
1383 1295 1532 1389 planior
1550 1295 1655 1368 locus
1674 1296 1781 1368 nobis
1810 1294 2027 1370 videbatur.

583 1421 690 1494 'lunc
704 1420 848 1494 dictum
863 1424 921 1494 est
941 1420 1061 1506 nobie,
1078 1421 1168 1515 quia
1183 1421 1223 1492 in
1239 1421 1356 1494 isdem
1372 1421 1516 1510 diebus,
1533 1421 1684 1515 quando
1704 1423 1859 1495 sanctus
1879 1423 2029 1518 Moyses
2143 1470 2146 1478 ι

584 1546 646 1619 vel
674 1545 743 1618 filii
771 1545 889 1619 Israel
919 1550 1054 1620 contra
1083 1546 1168 1618 illas
1197 1545 1373 1620 civitates
1401 1549 1683 1641 pugnaverunt,
1713 1549 1839 1620 castra
1867 1547 1921 1620 ibi
1953 1547 2029 1619 lixa

585 1671 829 1745 habuissent:
858 1695 948 1744 nam
979 1674 1024 1745 et
1045 1654 1160 1766 ¹signa
1189 1672 1242 1744 ibi
1265 1672 1451 1766 parebant
1470 1647 1815 1752 castrorumlllflane
1834 1673 1902 1745 illa
1920 1677 2030 1768 parte

585 1797 739 1886 montis,
758 1820 873 1891 quam
891 1796 970 1870 dixi
987 1797 1153 1887 sinistra,
1170 1820 1267 1892 quae
1283 1800 1367 1870 erat
1381 1819 1494 1892 super
1513 1819 1618 1872 mare
1632 1800 1840 1888 mortuum,
1857 1800 2030 1872 ostensus

587 1926 646 1996 est
674 1923 784 1995 nobis
812 1945 920 1996 mons
948 1923 1116 2019 precisus
1135 1924 1258 2014 valde,
1288 1923 1354 2018 qui
1383 1923 1507 1997 dictus
1526 1926 1585 1997 est
1603 1926 1695 1998 ante
1719 1924 1813 2018 Agri
1840 1925 1991 2020 specula
2003 1916 2030 1997 ³.

587 2049 658 2122 Hic
677 2051 736 2122 est
754 2071 874 2138 mons,
895 2049 935 2122 in
956 2072 1031 2146 quo
1059 2050 1187 2146 posuit
1215 2049 1331 2124 Balac
1359 2049 1460 2124 filius
1487 2050 1586 2124 Beor
1613 2050 1772 2124 Balaam
1792 2050 1962 2126 divinum
1981 2051 2031 2124 ad

588 2175 866 2249 maledicendos
886 2175 984 2250 filios
1003 2176 1136 2264 Israel;
1158 2178 1199 2249 at
1217 2176 1343 2249 noluit
1359 2176 1461 2250 Deus
1476 2176 1532 2249 ita
1547 2177 1781 2270 permittere,
1802 2176 1901 2251 sicut
1919 2178 2032 2272 scrip

588 2304 673 2374 tum
702 2269 857 2381 esulllc
885 2301 938 2374 sic
966 2323 1056 2397 ergo
1084 2301 1176 2377 visis
1205 2302 1392 2391 omnibus,
1423 2323 1520 2396 quse
1549 2301 1868 2391 desiderabamus,
1898 2303 1938 2376 in
1964 2325 2032 2375 no-

590 2426 691 2500 mine
709 2426 781 2501 Dei
799 2429 1035 2501 revertentes
1056 2449 1123 2523 per
1142 2427 1301 2518 Iericho
1324 2430 1365 2501 et
1383 2428 1459 2502 iter
1482 2448 1604 2518 omne,
1626 2426 1727 2522 quod
1747 2427 1950 2518 iveramus,
1974 2449 2032 2501 rc·

591 2552 709 2646 gressi
736 2573 867 2624 sumus
895 2551 935 2623 in
963 2552 1239 2625 Ierusolimam.

500 2663 543 2787 ‘a
562 2696 566 2777 l
660 2655 772 2751 lItem
791 2681 878 2772 post
896 2678 1140 2775 aliquantum
1160 2681 1312 2772 tempus
1327 2678 1432 2752 volui
1447 2669 1589 2752 etiam⁴
1609 2677 1658 2751 ad
1677 2676 1869 2772 regionem
1890 2675 2035 2750 Ausiti·

463 2804 466 2811 '
572 2795 707 2878 'dem⁵
734 2805 909 2879 accedere
932 2806 1087 2900 propter
1114 2804 1309 2879 visendam
1331 2803 1554 2878 memoriam
1574 2803 1696 2878 sancti
1715 2804 1783 2877 Iob
1803 2805 1931 2899 gratia
1950 2826 2035 2877 ora·

592 2929 709 3003 tionis
724 2921 749 3002 ⁶.
779 2929 922 3002 Multos
942 2929 1041 3002 enim
1064 2931 1216 3004 sanctos
1235 2921 1441 3002 monachos
1469 2927 1646 3002 videbam
1674 2929 1762 3002 inde
1780 2928 1978 3003 venientes
1997 2927 2038 3000 in

594 3053 857 3129 Ierusolimam
887 3055 936 3127 ad
964 3055 1121 3128 visenda
1149 3055 1233 3129 loca
1262 3057 1394 3128 sancta
1422 3054 1548 3148 gratia
1567 3054 1770 3127 orationis:
1798 3054 1866 3150 qni
1886 3054 2039 3149 singula

594 3180 805 3254 referentes
836 3179 881 3252 de
909 3178 1050 3252 eisdem
1079 3179 1182 3269 locis,
1213 3179 1384 3253 fecerunt
1412 3178 1532 3274 magis
1561 3176 1790 3252 desiderium
1818 3179 2039 3274 imponendi

596 3307 690 3380 mihi
704 3305 858 3396 laboris,
881 3309 926 3377 ut
945 3305 1061 3379 etiam
1085 3327 1204 3401 usque
1224 3305 1272 3378 ad
1292 3305 1359 3377 illa
1377 3305 1461 3378 loca
1480 3304 1708 3378 accederem:
1729 3305 1759 3378 si
1780 3308 1912 3378 tamen
1930 3303 2040 3376 labor

597 3432 669 3506 dici
698 3434 835 3526 potest,
853 3432 918 3504 ubi
937 3431 1051 3504 homo
1072 3431 1301 3506 desiderium
1322 3455 1433 3504 suum
1453 3429 1633 3524 compleri
1652 3395 1928 3526 videtlltaque
1948 3453 2039 3526 ergo

597 3558 768 3654 profecta
796 3581 880 3630 sum
911 3558 956 3632 de
983 3557 1209 3632 Ierusolima
1237 3579 1324 3631 cum
1352 3557 1505 3646 sanctis,
1527 3557 1593 3650 qui
1612 3559 1743 3630 tamen
1773 3557 1921 3652 dignati
1950 3560 2042 3630 sunt

598 3684 728 3757 itineri
755 3705 841 3758 meo
869 3683 1097 3758 comitatum
1124 3686 1306 3780 prestare,
1336 3685 1376 3757 et
1403 3683 1475 3778 ipsi
1508 3685 1640 3756 tamen
1677 3683 1804 3777 gratia
1842 3684 2041 3758 orationis

599 3811 754 3886 Habens
778 3831 867 3905 ergo
888 3810 962 3884 iter
982 3811 1030 3882 ab
1059 3807 1285 3884 Ierusolima
1304 3829 1425 3904 usque
1444 3808 1492 3881 ad
1513 3805 1676 3882 Cernens
1696 3808 1821 3882 eundo
1841 3831 1908 3905 per
1935 3833 2041 3882 man·

682 4073 691 4108 ¹
707 4072 822 4134 Sasdra
835 4071 947 4134 civitas
961 4071 1076 4147 Basso,
1092 4072 1160 4133 sive
1174 4071 1359 4150 Batanaeae‚
1375 4079 1443 4132 erat
1457 4069 1595 4149 profecto
1609 4069 1642 4130 in
1656 4072 1722 4132 eius
1736 4069 1914 4148 provinciae
1931 4069 2044 4132 linibus

601 4171 788 4233 australibus
808 4171 921 4249 posita,
943 4189 1080 4249 prorsus,
1102 4170 1135 4229 ni
1149 4168 1250 4248 fallor,
1264 4169 1386 4248 ignota:
1400 4167 1463 4229 nisi
1477 4167 1619 4229 malimus
1642 4167 1782 4230 eamdem
1807 4187 1887 4243 osse,
1909 4187 1944 4228 ac
1968 4167 2047 4229 sar-

602 4274 698 4330 aba-m.
723 4271 815 4331 Dent.
838 4290 864 4330 c.
884 4269 945 4346 ΠΙ,
968 4289 997 4329 v.
1021 4271 1068 4328 10.

682 4370 812 4449 ²Fogor
832 4370 915 4430 inter
935 4368 1078 4430 civitates
1100 4369 1199 4429 Edom
1220 4370 1270 4429 vel
1291 4368 1456 4429 idumaeae
1477 4387 1538 4428 non
1562 4366 1717 4446 reperitur
1736 4365 1770 4426 in
1791 4366 1889 4428 sacris
1911 4365 2046 4427 chartis:

602 4469 736 4547 legimus
757 4475 861 4528 tamen
881 4467 913 4526 in
927 4466 1115 4544 Hieronymo
1132 4465 1173 4547 (N
1175 4465 1265 4527 omin.
1279 4465 1454 4545 Hebraic.):
1472 4463 1681 4542 «Bethfogor,
1694 4465 1770 4524 urbs
1785 4463 1918 4525 filiorum
1935 4465 2047 4526 Ruben

603 4573 689 4628 trans
710 4565 875 4627 Iordanem
895 4563 981 4624 iuxta
1001 4571 1136 4624 montem
1156 4565 1261 4641 Fogor
1281 4569 1387 4625 contra
1407 4562 1565 4629 Hiericho.
1587 4581 1643 4623 sex
1663 4562 1802 4622 millibus
1824 4581 1919 4640 snpra
1946 4561 2050 4622 Libia-

604 4665 675 4727 dem
687 4689 714 4725 ν.
736 4666 778 4725 Et
797 4663 831 4726 in
850 4664 978 4725 Denter.
1001 4663 1062 4739 ΠΙ,
1086 4666 1139 4724 1οε
1163 4687 1179 4720 ‹
1190 4663 1361 4724 Mansimus
1376 4663 1408 4724 in
1422 4663 1503 4724 valle
1518 4661 1562 4742 (in
1576 4662 1801 4742 campestribus
1816 4661 1921 4742 Moab)
1943 4668 2051 4724 contra

604 4765 722 4824 Fanum
742 4764 869 4841 Phogor
881 4786 908 4823 ι.
1402 4843 1404 4848 Ι

686 4860 750 4920 ³In
770 4859 837 4922 cod.
858 4860 1045 4939 agrisecula‚
1068 4879 1170 4921 errore
1192 4860 1395 4921 amanuensis.
1418 4861 1505 4922 Hier.
1526 4859 1558 4919 in
1585 4859 1660 4920 Eas.
1683 4878 1710 4920 o.
1731 4878 1775 4919 a:
1804 4858 2049 4937 ‹Agrispecnla,

606 4979 693 5020 mons
714 4966 763 5019 est
783 4959 998 5035 Moabitarum,
1019 4959 1051 5018 in
1072 4958 1183 5036 quibus
1198 4959 1326 5020 adduxit
1340 4958 1445 5034 Bolas,
1460 4956 1544 5018 filius
1559 4957 1687 5036 Sophor,
1702 4957 1829 5018 Balaam
1849 4957 1988 5018 divinum
2011 4955 2051 5018 ad

607 5055 850 5117 maledicendum
870 5057 969 5118 Israel
991 5056 1265 5134 supervestitam,
1288 5057 1340 5134 qui
1361 5062 1488 5135 propter
1508 5054 1675 5115 vehemens
1703 5060 1903 5132 praeruptum
1923 5061 2054 5115 vocatur

609 5155 740 5232 excisus,
762 5162 793 5216 et
813 5155 952 5216 imminet
973 5157 1049 5216 mari
1070 5163 1189 5216 mortuo
1211 5155 1294 5216 haud
1314 5155 1420 5234 procul
1440 5156 1479 5214 ab
1500 5153 1628 5214 Arnone
1642 5177 1668 5214 ».

689 5255 702 5288 ⁴
716 5254 790 5315 Cod.
807 5274 886 5315 esse.
899 5291 937 5300 —
952 5255 963 5290 ⁵
978 5255 1150 5316 Ausitidis:
1163 5255 1208 5316 sio
1230 5254 1435 5334 Septuaginta
1445 5259 1606 5315 verterunt
1625 5269 1736 5314 nomen
1755 5251 1897 5329 regionis
1917 5251 1988 5328 Uta,
2004 5252 2054 5312 vel

609 5352 689 5414 Hus.
710 5353 776 5429 Iob,
796 5354 822 5428 I,
839 5355 872 5413 1:
890 5354 975 5414 «Vir
996 5362 1063 5415 erat
1083 5355 1115 5414 in
1136 5362 1220 5416 terra
1240 5353 1309 5414 Hus
1322 5377 1349 5412 a.

690 5451 843 5513 ⁶Saeoulo
864 5459 972 5530 quarto
993 5454 1200 5532 peregrinatio
1223 5452 1263 5514 ad
1283 5454 1458 5531 sepulcrum
1478 5452 1535 5512 lob
1557 5450 1669 5513 devote
1691 5449 1934 5530 suscipiebatur,
1961 5457 1998 5510 nt
2018 5469 2058 5511 ex

611 5551 723 5616 omelia
742 5550 848 5630 quinta
867 5551 934 5613 Ioh.
957 5551 1169 5632 chrysostomi
1191 5551 1230 5613 ad
1250 5552 1397 5633 populum
1424 5551 1650 5612 Antiochenam
1679 5557 1872 5628 compertum
1897 5551 2054 5611 habemns.
