4604 6560
757 741 800 786 au
823 740 910 788 roes
935 740 1060 788 eurora
1085 741 1138 786 ar.
1162 743 1264 785 ase-asa
1683 715 1729 784 85

291 968 369 1056 tur,
389 967 547 1060 excepta
566 986 643 1037 una
663 963 725 1038 die
744 962 907 1052 sabbati,
924 984 1001 1058 qua
1020 961 1173 1056 vigiliae
1192 959 1386 1055 paschales
1405 962 1507 1051 sunt,
1524 963 1565 1034 et
1578 979 1728 1034 necesse

291 1095 350 1164 ost
376 1089 558 1165 ieiunari:
588 1093 698 1164 extra
725 1088 850 1183 ipsum
879 1107 968 1182 crgo
997 1086 1098 1158 diem
1126 1087 1278 1181 penitus
1306 1109 1516 1180 numquam
1527 1085 1616 1174 bio,
1641 1085 1727 1158 toto

291 1240 403 1306 anno,
423 1217 584 1291 sabbato
611 1216 807 1291 ieiunatur
821 1205 846 1286 ¹.
867 1213 922 1287 Ac
941 1214 994 1286 sio
1017 1233 1108 1307 ergo
1128 1210 1174 1284 de
1193 1214 1280 1285 octo
1300 1211 1537 1306 septimanis,
1557 1209 1728 1284 deductis

290 1343 376 1416 octo
404 1339 536 1414 diebus
565 1337 762 1412 dominicis
789 1340 830 1411 et
856 1339 1002 1430 septem
1029 1335 1199 1408 sabbatis
1228 1333 1335 1430 (quia
1372 1357 1521 1410 necesse
1554 1337 1613 1408 est
1652 1355 1728 1406 una

290 1461 441 1538 sabbati
469 1463 642 1550 ieiunari,
672 1462 717 1533 ut
744 1460 917 1554 superius
945 1458 1052 1549 dixi),
1081 1460 1284 1532 remanent
1303 1456 1383 1530 dies
1412 1456 1669 1553 quadraginta
1688 1459 1729 1531 et

291 1610 402 1676 unus,
432 1586 498 1682 qui
525 1588 767 1674 ieiuuautur;
796 1585 897 1681 quod
925 1585 987 1657 hio
1014 1584 1210 1679 appellant
1237 1573 1390 1657 eortae²
1409 1583 1448 1656 id
1476 1586 1536 1657 est
1562 1583 1727 1678 quadra-

289 1713 443 1808 gesima.
487 1711 634 1806 Singuli
666 1714 798 1786 autem
831 1710 911 1783 dies
948 1709 1185 1804 singularum
1224 1707 1523 1782 ebdomadarum
1558 1711 1727 1803 aguntur

289 1837 353 1926 sio,
381 1835 421 1909 id
448 1838 528 1910 est:
558 1839 603 1910 ut
630 1835 690 1910 die
719 1834 907 1909 dominica
936 1834 982 1908 de
1006 1833 1112 1927 pullo
1141 1833 1262 1929 primo
1281 1833 1386 1928 legat
1405 1833 1600 1926 episcopus
1622 1833 1725 1906 intra

288 1965 478 2038 Anastase
504 1963 631 2036 locum
658 1959 943 2036 resurrectionis
970 1959 1124 2033 Domini
1152 1958 1199 2032 de
1226 1959 1436 2054 evangelio,
1462 1957 1562 2032 sicut
1581 1963 1621 2034 ot
1639 1962 1725 2033 toto

289 2110 389 2161 anno
418 2087 616 2162 dominicis
644 2086 777 2162 diebus
805 2085 892 2160 fiet:
921 2085 1098 2159 similiter
1125 2105 1245 2180 usque
1272 2083 1322 2156 ad
1348 2084 1473 2158 lucem
1491 2087 1659 2180 agantur
1678 2085 1726 2158 ad

288 2212 517 2285 Anastasem
545 2213 585 2286 at
612 2210 662 2283 ad
689 2209 858 2299 Crucem,
887 2230 986 2305 quae
1022 2212 1063 2283 et
1098 2211 1184 2282 toto
1221 2230 1321 2281 anno
1358 2207 1554 2283 dominicis
1592 2209 1726 2282 diebus

289 2335 400 2409 fiunt.
429 2334 680 2410 Postmodum
707 2354 831 2423 mane,
853 2335 952 2409 sicut
969 2336 1009 2407 et
1028 2354 1175 2427 semper
1194 2332 1383 2408 dominica
1402 2333 1473 2424 die,
1495 2333 1726 2428 proceditur,

289 2465 330 2535 et
358 2462 538 2556 aguntur,
568 2483 666 2555 quae
695 2459 892 2534 dominicis
920 2459 1051 2534 diebus
1079 2458 1316 2534 consuetudo
1335 2461 1395 2532 est
1417 2459 1491 2554 agi,
1511 2459 1552 2532 in
1571 2461 1726 2534 ecclesia

291 2584 447 2676 maiore,
477 2607 576 2680 quae
605 2585 820 2682 appellatur
843 2585 1043 2680 Martyria
1064 2605 1161 2679 quae
1181 2587 1240 2658 ast
1259 2583 1298 2658 in
1317 2582 1508 2678 Golgotha
1527 2587 1614 2680 post
1633 2583 1725 2658 Oru-

289 2703 404 2788 cem³.
425 2711 475 2785 ltt
493 2709 680 2801 similitor,
708 2709 824 2783 missa
852 2709 899 2784 de
921 2709 1077 2785 ecclesia
1096 2709 1210 2799 facta,
1230 2707 1280 2782 ad
1298 2707 1518 2795 anastasim
1536 2709 1618 2783 itur
1636 2731 1723 2785 cum

370 3005 381 3042 ¹
396 3005 496 3080 Quale
517 3013 601 3069 esset
620 3005 876 3085 quadragesimae
896 3013 1020 3086 tempus
1034 3006 1066 3066 in
1079 3005 1352 3094 hierosolymitana
1366 3005 1498 3067 ecclesia
1510 3005 1561 3067 hio
1576 3005 1727 3085 explana-

292 3109 362 3180 tur,
384 3103 472 3166 cuius
493 3103 540 3165 rei
560 3104 651 3166 valde
672 3105 803 3166 obscura
828 3104 918 3166 nobis
946 3110 1013 3166 erat
1039 3104 1197 3182 hucusque
1225 3103 1378 3182 cognitio:
1406 3109 1527 3164 tantum
1548 3104 1631 3164 enim
1651 3123 1729 3165 con·-

293 3204 399 3262 stabat
419 3203 581 3264 sabbatum
612 3211 645 3265 et
675 3203 859 3265 dominicum
890 3201 975 3264 diem
995 3202 1131 3264 Graecos
1153 3203 1262 3264 solitos
1294 3221 1365 3264 esse
1396 3201 1512 3264 feriari.
1533 3201 1727 3264 Ratmannns

290 3301 496 3378 Oorbeiensis,
518 3303 571 3381 qui
593 3301 695 3364 Caroli
715 3303 819 3382 magui
839 3309 977 3382 tompore
998 3302 1086 3381 vixit,
1108 3300 1241 3363 fortasse
1256 3320 1294 3362 ex
1308 3301 1458 3380 scriptore
1472 3299 1543 3378 alio,
1559 3321 1594 3362 ao
1615 3321 1653 3362 ex
1666 3322 1728 3363 no-

290 3406 357 3460 stra
376 3399 641 3480 Peregrinatione,
661 3400 747 3480 haee,
769 3402 807 3462 ab
827 3401 895 3462 Ioh.
916 3400 1044 3478 Launoy
1065 3399 1198 3460 adducta
1219 3399 1349 3480 (Opera,
1370 3406 1392 3460 t.
1414 3399 1458 3475 H,
1479 3420 1509 3479 p.
1531 3399 1575 3476 H,
1596 3419 1626 3478 p.
1651 3402 1726 3460 666:

288 3497 337 3558 De
359 3498 458 3559 veteri
478 3499 615 3560 ciborum
635 3499 760 3560 delectu
780 3497 813 3559 in
833 3498 962 3560 ieiuniis
973 3498 1231 3578 Christianorum)
1253 3497 1441 3578 depromsit:
1465 3495 1555 3571 «Qui
1575 3518 1649 3560 vero
1669 3518 1728 3560 nec

289 3595 418 3656 sabbato
445 3615 503 3658 neo
523 3597 677 3658 dominica
696 3596 845 3675 ieiunant,
868 3604 900 3658 et
930 3603 1035 3658 tamen
1065 3602 1137 3657 ante
1157 3596 1280 3658 Pascha
1299 3595 1567 3674 quadragesimam
1594 3595 1725 3676 implere

289 3693 440 3772 gestiunt,
461 3713 591 3757 neeesse
612 3703 670 3774 ast,
691 3703 728 3756 ut
748 3702 857 3757 octava
876 3694 1070 3756 hebdomada
1089 3693 1238 3756 ieiunium
1258 3695 1465 3772 suscipiant.»

369 3790 523 3883 ’'Euprui
545 3813 607 3855 non
627 3792 880 3872 quadragesimae
901 3791 958 3854 sed
978 3791 1076 3854 feriae
1097 3799 1185 3854 sunt:
1207 3799 1240 3854 at
1259 3791 1401 3854 dicuntur
1422 3791 1516 3854 etiam
1537 3811 1593 3871 pro
1614 3790 1725 3871 quovis

288 3896 428 3969 tempore
448 3910 546 3968 sacro,
568 3897 604 3950 ut
625 3891 762 3952 Zonaras
783 3889 816 3950 in
835 3889 966 3951 Lexico:
990 3891 1115 3981 'liupr-tl,
1138 3891 1246 3982 χρόνος
1272 3893 1349 3982 ἱερὸς
1373 3891 1458 3956 κατὰ
1481 3892 1601 3980 νόμους.

368 3987 536 4050 ³Eoolesia
554 3987 588 4048 in
610 3987 766 4067 Golgotha
787 3995 859 4066 poet
880 3987 988 4049 Oruois
1009 3987 1185 4050 cubiculum
1204 3987 1421 4067 appellabatur
1441 3988 1636 4067 Martyrium,
1661 4009 1722 4068 pro

288 4093 396 4167 pterea
416 4085 497 4164 quod
517 4085 603 4148 locus
623 4085 678 4147 ille
698 4084 768 4164 fuit,
788 4084 842 4148 ubi
873 4085 1015 4148 Christus
1046 4105 1158 4165 passus
1190 4092 1248 4165 est,
1269 4087 1390 4165 sibique
1418 4086 1628 4148 testimonium
1656 4087 1726 4165 ipss

288 4183 455 4264 perhibuit.
477 4184 568 4259 Quod
588 4182 718 4246 inferius
737 4184 784 4246 ita
803 4183 989 4264 explicatur:
1013 4184 1212 4264 «Propterea
1226 4191 1327 4247 autem
1341 4183 1524 4264 Martyrium
1543 4185 1725 4264 appellatur,

286 4277 361 4360 quia
378 4282 412 4342 in
433 4282 589 4360 Golgotha
610 4289 669 4356 est,
689 4281 721 4341 id
743 4288 793 4344 est
813 4287 884 4359 post
906 4281 1043 4359 Crucem,
1063 4282 1117 4343 ubi
1131 4282 1283 4344 Dominus
1303 4301 1414 4361 passus
1436 4287 1494 4358 est,
1507 4288 1539 4343 et
1559 4282 1629 4344 ideo
1644 4283 1725 4343 Mar-

289 4380 430 4458 tyrion.»
454 4379 517 4442 Sed
536 4379 612 4441 haeo
634 4379 830 4442 Constantini
850 4377 988 4456 basilica,
1018 4400 1096 4457 quae
1127 4380 1180 4442 vel
1200 4387 1328 4459 propter
1348 4380 1555 4460 sanctitatem,
1584 4380 1635 4442 vel
1656 4401 1726 4442 ma-

287 4475 505 4553 gnificentiam,
526 4476 657 4538 eeclesia
678 4477 776 4538 maior
796 4485 908 4538 vocata
926 4484 985 4554 est,
1007 4477 1105 4538 afore
1127 4478 1268 4540 omnibus
1290 4478 1474 4556 auctoribus,
1496 4477 1547 4556 qui
1569 4476 1608 4539 de
1632 4499 1726 4540 sauo-

288 4579 390 4634 torum
413 4574 548 4636 locorum
568 4573 779 4654 descriptione
809 4575 889 4636 beno
919 4575 1023 4636 meriti
1054 4582 1134 4652 sunt,
1166 4597 1234 4637 oum
1264 4576 1428 4654 Anastam,
1449 4576 1482 4637 id
1513 4583 1564 4638 est
1594 4577 1726 4640 ecclesia

288 4671 388 4733 sancti
408 4673 553 4752 sepulcri,
575 4672 782 4752 confunditur,
807 4681 839 4734 et
865 4694 927 4734 una
950 4673 1116 4752 eademque
1137 4681 1275 4754 putatur.
1296 4675 1359 4736 Eos
1376 4675 1515 4755 profecto
1536 4675 1569 4736 in
1591 4694 1725 4739 errorem

288 4767 481 4832 adduxeruut
500 4769 685 4849 scriptorum
705 4770 959 4849 gravissimorum
979 4771 1164 4850 praesertim
1184 4772 1215 4832 S.
1231 4771 1342 4851 Oyrilli
1363 4771 1500 4852 episcopi
1514 4772 1726 4853 hierosolymi·

288 4867 353 4927 tani
373 4867 522 4929 solemnia
541 4869 644 4944 verba,
667 4869 826 4950 (Ostheoh.
847 4869 937 4946 XIV,
958 4869 978 4948 β
998 4869 1049 4949 6.),
1070 4890 1148 4947 quas
1179 4869 1225 4932 ita
1256 4887 1290 4931 se
1320 4870 1451 4932 habeut:
1476 4871 1602 4934 «Vides
1630 4872 1725 4933 etiam

286 4963 469 5043 prophetam
489 4966 684 5046 praevidisse
712 4968 814 5029 locum
844 4967 1089 5044 resurrectionis,
1120 4969 1172 5046 qui
1200 4969 1384 5048 Martyrium
1415 4969 1618 5049 appellandus
1647 4979 1723 5033 erat.

288 5059 358 5134 Qua
379 5062 462 5124 euim
481 5063 610 5141 ratione,
632 5084 694 5125 non
714 5071 886 5126 ceterarum
906 5064 1106 5128 ecelesiarum
1122 5087 1217 5144 more,
1241 5066 1416 5145 Golgothae
1436 5075 1469 5129 et
1489 5069 1724 5133 resurrectionis

286 5159 373 5222 loeus
403 5161 536 5224 ecclesia
564 5163 747 5241 appellatur,
769 5163 826 5226 sod
856 5163 1062 5243 Martyrium?
1093 5172 1126 5228 at
1155 5165 1189 5226 id
1219 5165 1355 5227 sonasse
1385 5173 1513 5246 propter
1541 5167 1724 5248 prophetam

289 5257 434 5338 (Sophon.
454 5259 516 5338 III,
538 5261 580 5340 7),
601 5261 654 5339 qui
673 5260 769 5322 dixit:
790 5262 931 5322 Indiam
952 5263 1188 5325 resurrectionis
1209 5282 1295 5326 meae
1324 5264 1356 5325 in
1383 5264 1606 5344 Martyrium.»
1628 5267 1723 5329 Prae·

288 5365 374 5416 terea
394 5357 425 5418 S.
447 5357 557 5436 Oyrilli
578 5358 662 5420 diota
683 5361 721 5420 ab
741 5360 877 5420 Eusebio
898 5359 995 5421 variis
1015 5359 1047 5422 in
1067 5361 1143 5422 locis
1165 5361 1382 5424 confirmantur
1402 5363 1489 5444 (Vita
1518 5364 1723 5443 Constantini,

287 5451 308 5514 l.
329 5452 391 5530 III,
413 5475 438 5514 c.
459 5457 488 5532 8,
510 5464 542 5517 et
562 5457 610 5516 De
630 5456 774 5518 laudibus
794 5457 999 5536 Constantini,
1020 5479 1087 5536 cap.
1109 5459 1150 5539 9),
1182 5460 1293 5536 quibus
1324 5461 1457 5523 ecclesia
1475 5461 1724 5524 Resurrectionis

289 5548 350 5611 dici
369 5552 451 5613 solet
471 5551 664 5632 Martyrium.
686 5551 847 5615 Addamus
866 5554 1089 5635 Hieronymum
1110 5555 1142 5616 in
1163 5555 1295 5634 epistola
1312 5578 1341 5618 u.
1356 5559 1396 5618 44
1429 5557 1599 5620 <Sanctum
1617 5579 1723 5621 monu-
