4604 6560
848 736 893 788 bn
916 731 1012 792 nocis
1036 743 1173 790 0000000

288 972 450 1067 petram,
478 968 519 1041 in
547 990 624 1063 qua
652 966 838 1040 Dominus
865 968 988 1055 nocte,
1014 989 1090 1060 qua
1117 965 1355 1056 tradebatur,
1385 965 1524 1056 oravit,
1552 965 1727 1061 vestigiis

289 1117 457 1192 genuum
484 1095 594 1190 quasi
621 1115 707 1168 cora
735 1091 844 1167 molli
871 1091 1075 1186 impressis.

370 1219 431 1310 (Β.
446 1241 475 1294 0.
500 1219 590 1309 VII)
617 1217 726 1292 Mons
755 1216 946 1291 olivarum
973 1216 1079 1291 mille
1107 1217 1154 1290 ab
1174 1216 1382 1292 Ierusalem
1407 1215 1592 1291 discretus
1611 1217 1729 1311 passi-

290 1346 373 1436 000,
402 1344 609 1420 altitudine
637 1343 779 1418 montis
803 1327 1427 1439 8000000000,001100010001100
1455 1345 1495 1418 et
1521 1342 1730 1416 latitudine

290 1473 473 1568 praestat,
502 1468 667 1564 exceptis
704 1469 849 1543 vitibus
878 1467 1058 1543 00011010
1099 1489 1185 1542 rare
1212 1468 1318 1542 ferax
1356 1468 1514 1559 0000010,
1543 1466 1728 1542 frumenti

289 1617 440 1692 quoque
468 1597 508 1670 et
534 1594 668 1670 hordei
691 1593 851 1668 fertilis:
871 1592 1115 1689 nequeenim
1135 1594 1376 1669 brucosaset
1403 1595 1566 1670 herbosa
1594 1598 1634 1669 ot
1661 1594 1730 1668 flo-

289 1723 373 1797 rida
401 1722 473 1796 soli
498 1721 602 1795 illius
630 1724 690 1796 est
709 1721 887 1816 qualitas.
908 1720 953 1794 In
973 1721 1079 1795 cuius
1100 1742 1249 1795 summo
1269 1721 1423 1811 vertice,
1449 1721 1516 1794 ubi
1544 1720 1732 1795 Dominus

290 1846 338 1921 ad
366 1847 489 1922 000100
517 1845 699 1934 ascendit,
729 1845 886 1920 ecclesia
905 1845 1073 1919 rotunda
1092 1845 1246 1940 grandis
1274 1850 1405 1920 ternas
1433 1867 1500 1942 000
1527 1846 1732 1921 circuitum

291 1975 503 2046 cameratas
530 1969 648 2046 habet
667 1971 835 2066 porticus
855 1969 1017 2067 desuper
1034 1973 1179 2045 tectas:
1200 1972 1362 2046 interior
1388 1995 1555 2068 namque
1584 1971 1732 2063 domus,

290 2101 446 2195 propter
473 2097 653 2172 dominici
680 2097 847 2193 corporis
875 2101 1058 2186 meatum,
1088 2098 1274 2172 camerari
1301 2098 1341 2172 et
1368 2097 1448 2194 tegi
1475 2121 1552 2172 non
1581 2097 1732 2193 potuit:
1767 2083 1772 2090 ’

292 2225 415 2298 010000
443 2223 492 2296 ad
519 2224 705 2299 orientem
733 2222 876 2296 habens
904 2225 1068 2317 angusto
1094 2222 1260 2296 culmine
1288 2225 1526 2317 protectum:
1556 2223 1596 2297 in
1623 2224 1734 2297 cuius

293 2349 418 2424 medio
446 2348 585 2421 ultima
607 2347 761 2422 Domini
779 2348 954 2443 vestigia,
974 2348 1078 2422 00010
1099 2349 1259 2444 desuper
1278 2351 1448 2444 patente,
1468 2349 1535 2422 ubi
1551 2348 1732 2437 ascendit,

292 2475 485 2549 01000000.
514 2474 618 2559 Quae
646 2495 734 2547 cum
762 2473 901 2548 cotidie
930 2497 954 2546 a
981 2473 1223 2549 credendibus
1257 2477 1363 2548 terra
1391 2474 1567 2564 tollatur,
1596 2473 1733 2548 nihilo-

294 2601 421 2675 minus
443 2603 587 2691 manet‚
607 2599 818 2695 eademque
837 2600 961 2674 adhuc
980 2599 1040 2672 001
1059 2599 1221 2694 speciem
1240 2599 1362 2675 veluti
1381 2601 1564 2695 impressa
1582 2601 1735 2696 signata

295 2725 458 2822 vestigia
486 2727 626 2800 servat.
647 2725 751 2800 Haec
772 2727 870 2800 circu
889 2747 1001 2800 aerea
1019 2727 1107 2798 rota
1122 2724 1223 2799 iacet
1241 2748 1360 2820 00000
1375 2726 1424 2798 ad
1441 2726 1625 2801 verticem
1640 2727 1733 2816 alta,

296 2852 344 2945 ab
373 2873 508 2926 occasu
536 2852 681 2926 habens
708 2852 926 2942 introitum,
946 2851 1138 2948 pendente
1157 2851 1318 2947 desuper
1345 2853 1384 2925 10
1412 2853 1567 2927 trocleis
1595 2873 1735 2948 magna
1858 2887 1860 2895 ·

295 2976 472 3073 lampada
499 2979 661 3072 0000000
688 2976 749 3050 die
777 2980 818 3051 00
844 2981 956 3051 nocte
974 2977 1138 3051 lucente.
1159 2977 1205 3049 In
1225 2976 1452 3051 occidentali
1480 2975 1649 3052 eiusdem
1677 2999 1735 3051 00-

297 3101 433 3176 0100100
452 3104 563 3198 parte
582 3101 771 3176 fenestrae
790 3105 888 3192 0000,
907 3101 1147 3197 totidemque
1166 3123 1186 3176 e
1205 3103 1358 3198 regione
1378 3102 1571 3198 lampades
1592 3102 1735 3178 lucent.

297 3227 343 3301 In
371 3227 432 3302 die
460 3227 687 3302 ascensionis
724 3226 936 3302 dominicae
964 3249 1031 3322 per
1059 3250 1180 3302 00000
1208 3228 1388 3321 singulos,
1419 3229 1533 3302 missa
1567 3230 1736 3324 peracta,
1816 3263 1819 3269 ,

297 3353 417 3428 validi
444 3352 609 3426 flaminis
628 3352 794 3448 procella
812 3352 859 3428 de
878 3375 1030 3426 sursum
1049 3352 1180 3429 venire
1199 3353 1409 3444 consuevit,
1430 3356 1472 3426 et
1498 3375 1641 3443 omnes,
1671 3352 1738 3446 qui

297 3478 336 3552 10
364 3479 521 3554 00010010
548 3479 705 3569 fuerint,
726 3482 854 3554 terrae
872 3483 1125 3575 prosternere.
1144 3480 1434 3555 Monumentum
1455 3478 1591 3553 Lazari
1619 3478 1737 3552 00010-

297 3605 354 3678 010
381 3603 522 3678 ibidem
541 3605 717 3679 extructa
737 3605 988 3696 demonstrat,
1009 3609 1051 3680 00
1070 3608 1347 3680 monasterium
1366 3606 1510 3702 grande
1535 3606 1575 3678 in
1603 3626 1736 3700 campo

297 3727 509 3802 Bethaniae
537 3751 678 3824 magna
705 3730 897 3804 olivarum
915 3730 1025 3826 sylva
1044 3730 1268 3805 circumdat.
1290 3729 1358 3803 Est
1385 3733 1516 3804 autem
1545 3727 1737 3804 Bethania

297 3851 513 3950 quindecim
541 3853 675 3928 stadiis
694 3855 742 3928 ab
762 3854 985 3930 Ierusalem.
1005 3855 1136 3930 Tertia
1154 3877 1305 3952 quoque
1325 3856 1466 3930 mentis
1492 3855 1661 3930 eiusdem
1689 3852 1738 3926 ad

177 4013 184 4028 ·
298 3978 508 4053 australem
535 3977 748 4054 Bethaniae
775 3983 924 4075 partem
953 3979 1110 4054 00010010
1130 3982 1199 4072 000,
1225 3981 1291 4054 ubi
1318 3980 1505 4054 Dominus
1533 3982 1624 4054 0000
1652 3973 1738 4074 000·

296 4105 442 4181 sionem
470 4105 664 4202 discipulis
692 4104 738 4180 de
766 4106 828 4180 die
855 4105 986 4181 iudicii
1012 4107 1198 4202 loquutus
1227 4109 1296 4181 est.

378 4231 551 4324 (Perepr.)
580 4231 699 4306 Trans
727 4235 938 4307 torrentem
967 4232 1112 4308 Cedron
1141 4235 1200 4307 est
1227 4233 1419 4330 00010000,
1448 4235 1488 4308 00
1516 4255 1628 4329 00000
1653 4253 1738 4306 eam

298 4355 454 4431 ecclesia
468 4356 509 4429 in
529 4356 686 4446 001000,
708 4357 774 4430 ubi
792 4359 930 4453 quinta
948 4357 1044 4433 feria
1062 4361 1150 4453 post
1170 4380 1325 4432 coenam
1347 4357 1586 4432 Salvatorem
1606 4355 1740 4430 Iudaei

299 4482 678 4578 comprehenderunt,
695 4486 760 4579 001
779 4483 884 4558 10000
903 4486 963 4557 000
982 4484 1021 4558 10
1041 4485 1165 4578 000100
1181 4484 1293 4558 001110
1311 4473 1525 4578 1000010001.
1541 4482 1585 4555 10
1605 4477 1739 4556 eadem

299 4629 390 4683 vero
418 4608 520 4684 00110
548 4609 659 4684 stetit
686 4607 824 4706 palma,
854 4609 956 4682 unde
974 4608 1083 4706 pueri
1110 4631 1237 4682 ramos
1264 4608 1452 4698 tulerunt,
1481 4607 1635 4702 quando
1664 4606 1739 4680 cla·

299 4735 505 4808 manarunt
531 4729 724 4808 Hosanna.
753 4732 852 4807 Item
881 4733 920 4805 10
946 4736 1076 4806 monte
1097 4731 1239 4808 Oliveti
1258 4736 1318 4806 est
1336 4733 1527 4828 spelunca,
1557 4734 1597 4805 00
1624 4729 1665 4803 10
1694 4749 1753 4804 00

301 4858 483 4934 altarium
511 4861 608 4935 bene
634 4860 816 4951 lucidum,
836 4861 876 4933 10
896 4883 971 4956 000
990 4858 1139 4934 solebat
1157 4859 1343 4932 Dominus
1373 4858 1506 4932 docere
1536 4854 1740 4951 discipule

302 5006 409 5059 suos:
439 5007 551 5083 super
579 5009 695 5082 quam
718 4987 937 5082 speluncam
965 4988 1024 5060 est
1051 4989 1185 5060 sancta
1213 4985 1369 5060 00010010
1387 4984 1541 5082 grandis
1556 4975 1582 5075 ²,
1603 4985 1645 5056 et
1664 5004 1742 5056 non

383 5295 392 5334 ¹
414 5295 453 5360 In
473 5298 582 5376 quinta
602 5291 681 5360 feria
700 5293 913 5362 hebdomadae
934 5298 1059 5361 maioris
1081 5318 1148 5360 eam
1172 5296 1334 5360 ecclesiam
1345 5296 1438 5360 vallis
1448 5294 1599 5376 Iosophat
1612 5295 1740 5357 obibant

302 5389 437 5473 litaniae,
459 5404 494 5457 00
514 5397 547 5457 10
567 5395 824 5476 Peregrinatione
845 5399 961 5476 legitur
980 5420 1010 5477 p.
1032 5399 1080 5460 94.

382 5494 394 5529 ²
415 5495 514 5574 Saepe
534 5493 614 5556 hanc
633 5494 796 5556 ecclesiam
811 5497 982 5574 Peregrina
1001 5504 1158 5572 memorat,
1181 5504 1213 5558 00
1233 5496 1344 5558 iisdem
1365 5494 1485 5558 verbis:
1512 5495 1572 5553 ‹in
1593 5508 1654 5572 qua
1675 5511 1745 5570 spe·

304 5583 394 5653 lunca
413 5594 535 5657 solebat
554 5587 705 5654 Dominus
728 5591 840 5656 docere
861 5587 1029 5674 discipulos
1041 5619 1070 5657 ».

1638 5725 1672 5782 16
