4622 6572
763 711 807 756 nn
831 709 917 758 noca
940 710 1069 758 senona
1091 709 1146 758 arr.
1170 716 1271 758 esu-rra
1695 691 1739 758 39

296 933 487 1029 spelunca,
519 932 584 1012 ubi
612 932 688 1006 fuit
715 935 869 1006 sanctus
897 827 1204 1029 Moysesiabecto
1225 953 1315 1027 ergo
1335 930 1417 1028 ipso
1436 932 1518 1006 loco
1544 931 1672 1006 omnia
1691 930 1738 1006 de

296 1057 394 1130 libro
422 1057 556 1152 Moysi,
589 1059 630 1130 et
657 1057 760 1132 facta
788 1057 961 1131 oratione
994 1057 1126 1131 ordine
1162 1078 1244 1146 suo,
1271 1057 1345 1130 hac
1372 1057 1426 1130 sic
1457 1056 1739 1132 communican-

296 1181 401 1255 tibus
429 1180 540 1254 nobis
559 1172 583 1271 ¹,
604 1179 682 1254 iam
710 1185 755 1254 ut
783 1181 925 1255 exirem
941 1179 987 1255 de
1011 1180 1181 1271 ecclesia,
1202 1179 1392 1254 dederunt
1409 1179 1519 1254 nobis
1537 1178 1738 1276 presbiteri

295 1306 370 1380 loci
397 1305 515 1401 ipsius
542 1306 724 1402 eulogias,
752 1306 791 1380 id
820 1310 878 1381 est
900 1306 946 1382 de
963 1307 1096 1404 pomis,
1126 1329 1225 1402 quae
1253 1306 1293 1378 in
1321 1306 1402 1400 ipso
1423 1308 1553 1382 monte
1577 1328 1737 1381 nascun-

296 1435 373 1506 tur.
402 1432 503 1506 Nam
530 1455 618 1508 cum
644 1434 724 1528 ipse
752 1455 861 1506 mons
887 1437 1041 1508 sanctus
1070 1431 1173 1532 Syna
1192 1432 1295 1506 solus
1315 1431 1487 1528 petrinus
1510 1432 1562 1506 sit
1576 1431 1600 1524 ¹,
1616 1432 1673 1505 lta
1693 1435 1739 1506 ut

296 1580 365 1632 nec
384 1558 560 1633 fruticem
581 1559 736 1650 habeat,
756 1562 889 1634 tamen
909 1559 1087 1634 deorsum
1105 1580 1221 1655 prope
1240 1556 1408 1631 radicem
1429 1557 1620 1631 montium
1639 1557 1737 1654 ipso·

296 1707 395 1776 rum,
411 1683 451 1757 id
478 1687 537 1758 est
564 1705 633 1758 seu
661 1686 759 1760 circa
787 1685 902 1777 illius,
931 1685 999 1781 qui
1025 1684 1226 1759 medianus
1253 1686 1323 1774 est,
1352 1705 1421 1757 seu
1444 1683 1543 1758 circa
1570 1683 1738 1772 illorum,

298 1809 365 1905 qui
393 1832 459 1905 per
477 1811 560 1906 giro
580 1813 684 1902 sunt,
713 1811 862 1885 modica
884 1812 1037 1885 nerrola
1050 1805 1064 1846 ³
1079 1813 1157 1885 est:
1178 1810 1310 1884 statim
1332 1809 1456 1884 sancti
1475 1809 1653 1883 monachi
1670 1830 1740 1905 pro

296 1935 497 2030 diligentia
529 1959 598 2011 sua
635 1936 856 2010 arbusculas
894 1939 1054 2033 ponunt,
1094 1938 1134 2010 et
1171 1934 1382 2030 pomariola
1424 1933 1649 2025 instituunt,
1679 1933 1740 2010 vel

296 2055 529 2152 orationes⁴,
559 2065 600 2136 et
626 2062 838 2158 iuxtasibi
866 2061 1111 2152 monasteria,
1132 2061 1240 2157 quasi
1261 2083 1306 2136 ex
1327 2061 1446 2155 ipsius
1466 2061 1607 2134 montis
1622 2063 1739 2151 terra,

296 2185 444 2280 aliquos
472 2185 621 2262 fructus
648 2188 822 2282 capiant;
851 2209 945 2282 quos
972 2190 1105 2261 tamen
1131 2186 1309 2260 manibus
1337 2186 1414 2260 suis
1442 2186 1656 2262 elaborasse
1681 2187 1739 2261 vi-

186 2403 191 2412 ·
299 2271 586 2430 deanturJHac
613 2311 666 2386 sic
694 2333 784 2408 ergo
812 2315 945 2408 postea
973 2336 1088 2408 quam
1117 2314 1545 2404 communicaveremuS,
1566 2315 1607 2386 et
1627 2312 1738 2387 dedo·

296 2437 387 2508 rant
413 2435 523 2508 nobis
552 2437 722 2532 eulogias
750 2438 873 2512 sancti
886 2437 954 2529 illi,
975 2442 1016 2512 et
1035 2440 1174 2534 egressi
1198 2461 1330 2514 sumus
1358 2440 1461 2514 fores
1488 2439 1660 2513 hostium
1679 2459 1737 2512 ec·

296 2561 443 2650 clesiae,
472 2563 554 2656 cepi
581 2583 645 2637 eos
673 2583 821 2658 rogare,
850 2566 896 2637 ut
924 2564 1171 2640 ostenderent
1201 2565 1311 2638 nobis
1339 2564 1490 2660 singula
1522 2564 1617 2638 loca.
1634 2563 1739 2638 Tunc

295 2685 431 2758 statim
460 2686 517 2758 illi
545 2687 669 2761 sancti
697 2687 845 2782 dignati
873 2692 964 2762 sunt
992 2689 1143 2786 singula
1177 2689 1390 2764 ostendere.
1426 2687 1526 2761 Nam
1564 2687 1739 2762 ostende·

295 2814 389 2884 runt
416 2812 526 2886 nobis
554 2813 775 2908 speluncam
803 2814 922 2904 illam,
951 2813 1018 2886 ubi
1038 2814 1114 2888 luit
1133 2816 1287 2889 sanctus
1309 2815 1470 2910 Moyses,
1491 2835 1578 2888 cnm
1597 2813 1739 2886 iterato

299 2937 531 3014 ascendisset
561 2939 603 3013 in
638 2943 810 3014 montem
829 2939 900 3014 Dei
913 2931 937 3031 ⁵,
961 2942 1005 3012 ut
1024 2941 1212 3036 acciperet
1240 2939 1365 3014 denuo
1394 2938 1560 3028 tabulas,
1586 2940 1738 3032 postea·

297 3085 415 3156 quarn
443 3064 589 3158 priores
615 3065 702 3138 illas
730 3065 897 3160 fregerat
924 3066 1104 3162 peccante
1117 3064 1270 3160 popule,
1295 3067 1335 3139 et
1357 3067 1485 3139 cetera
1502 3063 1599 3153 loca,
1622 3083 1739 3158 quae·

300 3209 462 3284 cumque
495 3189 816 3280 desiderabamus,
849 3190 911 3265 vel
949 3212 1047 3286 quae
1078 3190 1150 3286 ipsi
1178 3190 1315 3264 melius
1352 3191 1554 3279 noverant,
1591 3187 1741 3282 dignati

296 3316 389 3386 sunt
416 3314 616 3389 ostendere
644 3281 896 3428 nobis‘iplllud
924 3319 1056 3390 autem
1084 3337 1151 3391 vos
1179 3316 1268 3391 volo
1296 3315 1402 3406 scire,
1423 3315 1600 3388 dominae
1624 3334 1739 3388 vene-

295 3439 435 3514 rabiles
464 3461 622 3531 sorores,
652 3441 718 3536 qui
746 3440 794 3516 de
824 3463 869 3515 eo
896 3441 991 3529 loco,
1013 3441 1080 3514 ubi
1103 3441 1314 3531 stabamus,
1339 3439 1378 3512 id
1406 3441 1465 3513 est
1492 3440 1533 3511 in
1561 3440 1643 3533 giro
1672 3462 1739 3534 pa-

295 3563 411 3636 rietes
440 3563 631 3654 ecclesiae,
661 3563 700 3638 id
728 3567 787 3639 est
814 3565 861 3639 de
888 3565 1113 3639 summitate
1139 3565 1282 3639 montis
1319 3563 1436 3658 ipsius
1474 3561 1652 3653 mediani,
1683 3562 1740 3635 ita

296 3686 397 3760 infra
425 3687 494 3762 nos
521 3688 755 3763 videbantur
783 3711 863 3764 esse
891 3691 948 3763 illi
977 3693 1140 3782 montes,
1170 3712 1264 3786 quos
1292 3689 1472 3785 prImitus
1510 3688 1575 3764 vix
1611 3708 1740 3761 ascen·

297 3811 486 3902 deramuS,
517 3814 620 3888 iusta
653 3815 771 3890 istum
803 3815 1035 3906 medianum,
1065 3815 1105 3888 in
1138 3837 1213 3909 quo
1242 3814 1455 3904 stabamus
1484 3834 1528 3886 ac
1555 3812 1587 3886 si
1615 3815 1742 3886 essent

297 3936 354 4009 illi
382 3938 559 4012 colliculi.
589 3937 684 4013 Cum
711 3942 844 4014 tamen
870 3940 927 4014 ita
955 3939 1097 4013 infiniti
1125 3942 1270 4030 essent,
1299 3942 1449 4013 utnon
1477 3960 1538 4013 me
1565 3940 1743 4032 putarem

296 4061 502 4157 aliquando
531 4064 688 4138 altiores
715 4063 866 4156 vidisse,
894 4063 969 4138 nisi
1006 4063 1108 4158 quod
1146 4063 1207 4138 hic
1245 4062 1444 4136 medianus
1478 4083 1542 4136 eos
1578 4061 1742 4135 nimium

296 4187 558 4284 praecedebat.
586 4187 779 4286 Egyptum
811 4191 943 4262 autem
971 4191 1011 4262 et
1038 4188 1274 4262 Palestinam
1307 4190 1347 4260 et
1379 4208 1485 4262 maro
1510 4187 1670 4259 rubrum
1700 4187 1743 4259 et

296 4334 402 4387 mare
438 4314 528 4388 illut
566 4313 844 4409 parthenicum,
879 4313 982 4408 quod
1018 4313 1145 4387 mittit
1171 4311 1457 4404 Alexandriam,
1498 4333 1673 4387 necnon
1702 4312 1743 4383 et

299 4435 392 4514 fines
413 4436 689 4514 Saracenorum
709 4437 879 4512 infinitos
898 4440 955 4512 ita
974 4438 1106 4513 subter
1124 4459 1193 4512 nos
1212 4437 1300 4513 inde
1321 4437 1557 4528 videbamus,
1573 4439 1619 4510 ut
1640 4434 1742 4512 credi

381 4738 485 4802 ¹Sane
507 4739 632 4818 quidem
652 4739 691 4802 de
713 4738 894 4802 comunione
915 4737 1120 4800 eucharistica
1140 4737 1252 4815 egitur.

377 4838 578 4900 ²Antoninns
599 4845 718 4918 martyr
737 4838 758 4900 1.
780 4858 821 4900 c.:
844 4861 860 4895 ι
881 4838 972 4898 Mons
994 4837 1069 4897 Sina
1088 4841 1233 4914 petrosus
1255 4840 1313 4913 eet,
1334 4854 1404 4896 raro
1424 4833 1544 4896 habens
1564 4839 1689 4910 terrem,
1711 4839 1744 4894 et

297 4936 329 4998 in
352 4938 513 4998 «circuitu
534 4937 601 4998 eius
622 4937 752 4998 cellulae
772 4936 887 4998 multae
910 4955 1069 4998 servorum
1088 4933 1164 4994 Dei:
1187 4933 1331 4994 similiter
1353 4939 1385 4995 et
1405 4933 1438 4994 in
1457 4933 1607 4994 Horeb».

377 5035 542 5114 ³Nerrole,
563 5035 692 5114 rivulus,
714 5055 752 5096 ex
772 5053 848 5096 voce
869 5035 992 5096 arabica
1012 5036 1103 5111 ectr,
1125 5031 1192 5093 sive
1214 5051 1252 5092 ex
1272 5051 1383 5109 graeca
1403 5031 1476 5108 νάω,
1500 5029 1628 5120 Nupsri;;
1651 5035 1743 5106 atque

297 5131 329 5190 in
352 5131 452 5194 Gloss.
474 5132 643 5194 Duorum!
664 5152 694 5193 v.
716 5133 799 5192 Nero
821 5131 929 5192 eadem
950 5129 1178 5209 significatione
1193 5130 1342 5208 reperies.

375 5231 388 5264 ⁴
401 5230 547 5307 Intellige
568 5229 725 5290 aediculas
747 5229 827 5290 inter
839 5230 978 5308 pomaria
992 5249 1011 5290 a
1024 5228 1182 5288 monachis
1204 5228 1371 5306 confectas,
1386 5227 1498 5304 quibus
1518 5227 1612 5288 etiem
1627 5223 1743 5286 ethnici

296 5328 469 5404 utebantur,
490 5347 630 5406 quasque
650 5327 849 5406 appellabant
869 5328 1033 5389 orationes.

376 5427 500 5487 ⁵Exod.
522 5447 588 5508 cap.
610 5427 772 5504 XXXIII,
794 5447 823 5488 v.
846 5427 956 5486 20-23.
