4604 6560
646 714 688 778 62
1139 732 1165 778 s.
1189 730 1321 778 sturme
1347 729 1591 776 rsuuonrnarro

646 951 774 1046 ipsius,
804 950 884 1025 Iob:
914 953 974 1026 cui
994 951 1061 1026 lob
1081 952 1129 1026 ad
1148 956 1241 1026 tunc
1260 950 1305 1025 in'
1319 974 1363 1026 eo
1384 953 1465 1026 loco
1484 951 1587 1026 facta
1606 955 1664 1025 est
1693 952 1766 1030 ista
1785 949 1953 1038 ecclesia,
1970 972 2085 1042 quam

645 1075 795 1149 videtis.
826 1075 888 1149 lta
916 1079 1046 1152 tamen
1065 1079 1110 1150 ut
1130 1076 1226 1171 lapis
1246 1099 1332 1150 cum
1353 1098 1507 1171 corpore
1526 1098 1603 1149 non
1622 1080 1841 1151 moveretur
1859 1074 1899 1147 in
1925 1073 2001 1147 alio
2030 1072 2083 1146 lo·

645 1223 700 1290 ce,
721 1201 784 1276 sed
803 1203 869 1292 ibi,
890 1204 955 1276 ubi
975 1204 1176 1278 inventum
1195 1203 1334 1294 fuerat,
1351 1226 1485 1300 corpus
1504 1203 1673 1298 positum
1692 1205 1802 1291 esset,
1825 1204 1865 1276 et
1884 1203 1931 1273 ut
1950 1209 2083 1295 corpus

539 1359 541 1364 ·
645 1328 777 1402 subter
803 1328 986 1401 altarium
1013 1329 1165 1403 lateret.
1186 1329 1259 1402 Illa
1278 1332 1406 1402 autem
1429 1329 1596 1416 ecclesia,
1614 1351 1730 1424 quam
1750 1327 1929 1402 tribunus
1957 1325 2081 1400 nescio

645 1457 711 1548 qui
740 1453 916 1544 faciebat,
947 1455 999 1529 sic
1026 1458 1106 1528 stat
1134 1455 1356 1551 imperfecta
1384 1455 1565 1551 usquein
1594 1454 1789 1528 hodiene
1817 1453 1869 1527 sic
1898 1475 1987 1548 ergo
2015 1475 2081 1525 nos

644 1579 721 1682 alia
750 1579 809 1653 die
838 1601 951 1652 mane
979 1581 1202 1676 rogavimus
1229 1581 1457 1677 episcopum,
1477 1584 1520 1653 ut
1547 1581 1691 1654 faceret
1720 1579 1965 1668 oblationem,
1983 1578 2082 1650 sicut

645 1708 685 1777 ot
703 1704 827 1779 facere
847 1705 1025 1800 diguatus
1045 1710 1115 1797 est,
1138 1709 1178 1781 et
1196 1707 1421 1782 benedicens
1446 1729 1513 1780 nos
1538 1706 1735 1801 episcopus
1756 1703 1918 1801 profecti
1938 1725 2079 1775 sumus.

644 1829 975 1905 eommunaances
1003 1853 1103 1926 ergo,
1134 1835 1173 1906 et
1201 1832 1254 1906 ibi
1282 1832 1427 1927 gratias
1456 1834 1613 1927 agentes
1641 1830 1721 1904 Deo
1741 1850 1899 1924 semper,
1925 1828 2080 1921 regressi

644 1979 774 2029 sumus
803 1957 841 2028 in
869 1955 1146 2050 Ierusolimam,
1180 1957 1254 2032 iter
1281 1958 1463 2032 facientes
1491 1978 1558 2053 per
1581 1957 1750 2050 singulas
1769 1955 1996 2042 mansiones,
2017 1975 2080 2049 per

644 2104 737 2176 quas
757 2081 922 2157 ieramus
938 2086 1016 2158 tres
1036 2107 1155 2159 annos
1170 2077 1193 2156 ¹.

723 2207 820 2281 Item
857 2207 896 2280 in
932 2209 1085 2283 nomine
1122 2208 1203 2298 Dei,
1243 2190 1437 2284 transacio
1476 2209 1675 2305 aliquanto
1694 2211 1877 2301 tempore,
1899 2227 1984 2278 cum
2003 2203 2077 2276 iam

642 2337 720 2406 tres
758 2333 848 2406 anni
876 2334 980 2428 pleni
1014 2336 1152 2420 essent,
1194 2358 1218 2407 a
1259 2357 1334 2430 quo
1378 2336 1416 2408 in
1454 2334 1716 2408 Ierusolimam
1745 2331 1955 2408 venissem:
1991 2329 2079 2403 risis

643 2459 761 2533 etiam
799 2460 974 2534 omnibus
1007 2461 1098 2535 locis
1139 2461 1292 2552 sanctis,
1328 2460 1376 2534 ad
1406 2483 1500 2556 qnos
1534 2460 1717 2535 orationis
1746 2449 1900 2554 gratia²
1920 2479 1980 2530 me
1999 2459 2080 2529 ten·

642 2585 794 2658 doram:
828 2589 868 2658 et
898 2586 983 2660 ideo
1020 2587 1096 2660 iam
1134 2586 1352 2662 revertendi
1378 2586 1426 2659 ad
1456 2587 1619 2682 patriam
1648 2585 1797 2658 animus
1826 2587 1939 2658 esset.
1968 2581 2079 2654 Volui

642 2710 799 2786 iubente
827 2711 974 2786 Decet
1011 2712 1059 2785 ad
1096 2712 1411 2807 Mesopotamiam
1449 2713 1567 2786 Siriae
1610 2710 1786 2786 accedere
1822 2709 1871 2782 ad
1908 2706 2081 2782 visendos

643 2840 794 2912 sanctos
830 2838 1046 2929 monachos,
1085 2841 1151 2933 qui
1188 2839 1241 2912 ibi
1277 2837 1430 2935 plurimi
1468 2841 1508 2912 et
1545 2842 1627 2911 tam
1665 2837 1826 2910 eximiae
1863 2837 1968 2908 vitae
2001 2854 2080 2908 esse

528 2992 531 3001 ·
643 2961 878 3050 dicebantur,
909 2965 953 3035 ut
981 2963 1045 3035 vix
1064 2961 1195 3036 referri
1216 2963 1350 3059 possit:
1371 2985 1535 3036 necnon
1555 2962 1672 3036 etiam
1692 2960 1877 3056 etgratia
1898 2957 2080 3033 orationis

644 3086 691 3160 sd
720 3087 951 3182 martyrium
979 3089 1101 3160 sancti
1131 3089 1298 3163 Thomna
1318 3090 1492 3184 apostoli,
1519 3089 1584 3161 ubi
1613 3110 1747 3181 corpus
1768 3087 1869 3159 illius
1890 3086 2080 3180 integrum

645 3213 813 3307 positum
842 3216 911 3297 est,
941 3212 979 3285 id
999 3217 1057 3287 est
1077 3214 1177 3308 apud
1197 3213 1392 3301 Edessarm
1414 3236 1526 3309 quem
1548 3235 1587 3288 se
1601 3213 1692 3287 illuc
1712 3213 1928 3300 missurum,
1949 3213 2082 3306 postea

644 3359 759 3432 quarn
781 3340 819 3412 in
838 3339 951 3412 coelis
979 3338 1218 3428 ascendisset,
1239 3339 1491 3426 Deusnoster
1509 3339 1614 3412 Iesus
1634 3341 1799 3412 testatus
1824 3339 1882 3410 est
1910 3357 1978 3431 per
2006 3336 2093 3434 epi-¹

643 3462 794 3554 stolam,
817 3486 931 3558 quam
951 3464 1000 3536 ad
1015 3455 1237 3558 Aggarum³
1256 3485 1383 3558 regem
1403 3487 1470 3560 per
1489 3464 1679 3537 Ananiam
1693 3455 1705 3496 ⁴
1721 3483 1914 3536 cursorem
1928 3456 1942 3496 ⁵
1956 3461 2082 3533 misit:

641 3596 799 3661 servatur
817 3611 968 3685 quoqne
987 3591 1148 3685 epistola
1169 3613 1256 3664 cum
1275 3591 1411 3686 grandi
1431 3591 1648 3664 reverentia
1668 3589 1769 3684 apud
1790 3588 1970 3660 Edessam
1991 3587 2082 3659 civi·

641 3716 776 3804 tatem,
799 3714 863 3787 ubi
887 3719 926 3788 et
955 3715 1065 3808 ipsud
1085 3715 1313 3812 martyrium
1339 3716 1564 3790 custoditur.
1585 3714 1685 3788 Nam
1712 3713 1807 3786 mihi
1836 3711 1968 3788 credat
1996 3711 2083 3785 volo

643 3837 791 3910 affectio
811 3843 951 3929 vestra,
972 3839 1154 3935 quoniam
1168 3840 1297 3913 nullus
1313 3839 1604 3914 christianorum
1626 3842 1695 3928 est,
1712 3838 1868 3932 quinon
1889 3857 1928 3910 se
1947 3835 2085 3910 tendat

643 3961 733 4035 illuc
746 3963 872 4056 gratia
888 3963 1093 4036 orationis:
1115 3964 1340 4060 quicumque
1355 3967 1486 4039 tamen
1507 3986 1626 4059 usque
1645 3963 1693 4035 ad
1713 3964 1796 4036 loca
1811 3964 1956 4051 sancta,
1973 3959 2085 4033 idest

641 4084 922 4160 inlerusolimis
937 4088 1151 4164 accesserit:
1164 4093 1204 4163 et
1215 4090 1274 4164 hic
1288 4091 1392 4164 locus
1404 4090 1449 4165 de
1463 4090 1688 4164 Ierusolima
1703 4089 1881 4164 vicesima
1892 4090 1932 4161 et
1947 4085 2083 4180 quinta

724 4400 812 4463 ¹Per
831 4402 1005 4464 mansiones
1026 4404 1205 4467 Palestinae
1226 4406 1425 4484 peregrinata
1446 4414 1494 4467 est
1514 4413 1578 4466 tres
1600 4423 1705 4478 annos,
1735 4401 1834 4464 eundo
1865 4408 1898 4464 et
1925 4398 2083 4462 redeundo

644 4499 900 4579 Hierosolymam,
922 4508 958 4561 nt
979 4503 1081 4564 omnia
1101 4505 1219 4566 viseret
1239 4505 1307 4566 loca
1328 4513 1443 4567 sancta.

722 4597 824 4660 ²00d.
846 4601 988 4678 gratiam.

724 4697 894 4776 ‘'Aggarus
915 4720 970 4777 pro
991 4701 1148 4780 Abgarus.
1170 4701 1218 4762 De
1240 4701 1306 4763 eius
1327 4703 1411 4780 regis
1433 4703 1473 4762 ad
1495 4701 1652 4764 Christum
1666 4708 1758 4778 atque
1773 4698 1811 4759 de
1826 4697 1945 4758 Ohristi
1961 4696 2000 4756 ad
2017 4717 2084 4757 eum

644 4795 785 4873 epistola,
808 4799 964 4875 exagitata
978 4805 1027 4862 est
1044 4807 1195 4879 perpetua
1214 4801 1436 4880 notissimaque
1458 4801 1682 4862 controversia:
1705 4799 1760 4861 sed
1774 4805 1899 4877 praeter
1913 4797 2084 4858 Eusebium

644 4893 697 4972 (H.
719 4893 754 4953 E.
776 4893 835 4954 1.1
857 4915 881 4955 c.
905 4897 965 4976 10),
987 4897 1039 4974 qui
1061 4919 1099 4958 ex
1119 4899 1272 4961 tabulario
1299 4898 1386 4960 urbis
1415 4900 1553 4961 Edessae
1582 4899 1791 4978 apographum
1821 4916 1926 4958 earum
1953 4895 2084 4972 excepit,

642 4991 748 5052 nullus
770 4994 892 5054 saeculo
913 5002 1020 5076 quarto
1041 4995 1135 5056 huius
1156 4997 1200 5057 rei
1223 4997 1315 5058 testis
1336 4999 1426 5058 nobis
1448 5005 1623 5076 supererat;
1644 5004 1831 5076 quapropter
1850 4994 1939 5071 illud,
1955 4994 2038 5071 quod
2053 4993 2084 5053 in

643 5088 891 5166 peregrinatione
912 5090 1054 5170 legimus,
1075 5094 1335 5172 pretiosissimum
1357 5116 1427 5158 esse
1447 5096 1580 5175 videtur,
1603 5097 1724 5158 etiamsi
1752 5093 1894 5174 epistolis
1920 5093 2000 5172 ipsis
2025 5113 2085 5154 non

646 5195 758 5263 augeat
777 5186 878 5248 fidem.

723 5283 887 5346 ⁴'Ananias
909 5287 1027 5364 Abgari
1047 5290 1132 5366 regis
1154 5297 1221 5351 erat
1241 5311 1347 5353 cursor
1368 5293 1557 5371 tabellarius,
1580 5293 1667 5353 cuius
1687 5311 1798 5352 nomen
1822 5290 1855 5350 in
1880 5290 2019 5352 Eusebio
2045 5290 2087 5350 le·

645 5381 739 5458 gitur,
761 5402 798 5442 aa
819 5404 876 5460 quo
899 5385 949 5444 vel
970 5405 1007 5446 ex
1029 5386 1166 5465 episcopi
1187 5389 1330 5451 edesseni
1350 5391 1499 5452 relatione
1521 5391 1691 5470 Peregrina
1711 5389 1789 5451 illud
1810 5389 1995 5468 desumpsit.

725 5479 736 5514 ⁵
754 5479 858 5542 Codex
878 5482 936 5542 hoo
956 5482 989 5541 in
1010 5482 1075 5544 loco
1097 5494 1258 5565 corruptus
1279 5487 1414 5566 profert:
1438 5509 1630 5567 «cursorem,
1658 5489 1744 5549 misit
1771 5507 1890 5565 quoque
1919 5487 2086 5566 epistolam

645 5597 712 5638 cum
734 5577 843 5655 granffl
864 5579 1077 5640 reverentia».
