4604 6560
842 727 887 773 uu
911 727 1005 774 noers
1029 727 1165 773 saneris
1658 710 1721 780 125

283 951 416 1023 autem
443 948 579 1045 Ioseph
606 951 811 1047 separatim
842 952 994 1046 sepulta
1022 951 1062 1024 in
1090 974 1161 1026 sua
1180 950 1337 1026 ecclesia
1356 953 1448 1026 sunt
1463 943 1487 1026 ¹.
1503 953 1590 1029 Non
1610 952 1723 1050 longe

282 1094 374 1148 vero
402 1075 451 1148 ab
479 1073 608 1149 Ebron
635 1078 695 1150 est
721 1075 963 1172 sepulchrum
991 1076 1121 1150 Abner
1149 1075 1221 1150 filii·
1245 1075 1325 1152 Ner
1339 1067 1365 1150 ².

363 1199 423 1290 (B.
444 1222 473 1274 c.
497 1202 549 1290 X)
578 1199 725 1274 Iericho
754 1201 802 1274 ab
830 1201 1038 1276 Ierusalem
1065 1203 1105 1274 in
1141 1201 1326 1276 orientem
1355 1225 1487 1278 versus
1520 1203 1648 1278 decern
1677 1210 1722 1280 et

282 1331 369 1403 octo
396 1328 504 1401 milia
523 1327 635 1423 pedes
654 1329 774 1417 abest,
795 1352 871 1425 qua
889 1329 1007 1402 tertio
1026 1328 1285 1402 fundamentis
1301 1328 1513 1420 'destructa
1543 1330 1624 1403 sola
1653 1330 1720 1405 do-

281 1477 354 1528 nus
366 1455 524 1528 Rabaab
540 1455 588 1529 oh
603 1456 754 1551 signum
768 1456 855 1531 fidei
871 1458 1093 1550 permanet:
1109 1455 1190 1528 eius
1206 1455 1308 1528 enim
1323 1455 1447 1530 adhuc
1462 1457 1627 1550 parietes
1641 1458 1722 1531 sine

282 1579 446 1654 culmine
469 1577 631 1652 durant:
651 1580 755 1654 locus
774 1581 879 1654 urbis
897 1583 1043 1675 segetes
1062 1582 1102 1654 et
1120 1580 1253 1655 vineas
1271 1580 1419 1676 recipit.
1439 1580 1546 1656 Inter
1564 1581 1662 1656 hanc
1682 1585 1723 1657 et
1847 1675 1852 1695 .

282 1705 495 1795 Iordanem,
520 1706 687 1803 quinque
705 1707 767 1782 vel
786 1729 849 1781 sex
870 1707 917 1780 ab
937 1729 983 1781 ea
1009 1707 1163 1780 milibus
1191 1711 1422 1804 separatum,
1451 1708 1611 1802 grandia
1640 1708 1722 1804 pal-

282 1832 386 1904 meta
411 1832 595 1926 campulis
614 1832 852 1928 interpositis
872 1835 914 1904 et
931 1831 1257 1907 inhabitatoribus
1276 1833 1492 1908 chananeis.
1512 1833 1721 1908 Duodecim

280 1955 437 2051 lapides,
466 1980 562 2053 quas
588 1957 700 2030 losue
728 1957 774 2031 de
801 1956 963 2031 Iordane
981 1930 1068 2030 tolli
1092 1960 1347 2054 praeceperat,
1377 1959 1417 2031 in
1446 1959 1603 2033 ecclesia
1632 1957 1722 2031 Gal·

280 2080 376 2174 galis
404 2081 508 2156 facta
535 2083 759 2158 altrinsecus
786 2083 896 2156 iuxta
923 2082 1088 2178 parietes
1121 2082 1289 2158 eiusdem
1319 2085 1455 2174 iacent,
1484 2083 1549 2158 vix
1578 2084 1720 2180 singuli

282 2205 430 2280 duobus
457 2207 549 2282 viris
576 2209 769 2283 levabiles
790 2208 859 2282 Est
877 2209 987 2282 iuxta
1005 2208 1154 2284 Iericho
1173 2208 1258 2282 fons
1278 2209 1373 2282 uber
1392 2209 1440 2282 ad
1459 2215 1606 2306 potum,
1636 2211 1720 2307 pin-

281 2332 366 2428 guis
394 2333 443 2407 ad
469 2334 684 2430 rigandum,
714 2335 780 2431 qui
807 2335 999 2431 quendam
1038 2335 1178 2409 sterilis
1206 2334 1256 2408 ad
1282 2336 1553 2431 generandum,
1582 2360 1720 2432 parum

281 2459 444 2533 salubris
471 2459 520 2532 ad
547 2460 771 2555 potandum,
800 2460 864 2535 sed
893 2483 960 2556 per
987 2461 1167 2558 Elyseum
1200 2463 1427 2557 prophetam
1460 2465 1618 2536 sanatus
1647 2466 1718 2537 est.

280 2585 455 2682 Denique
482 2608 637 2682 campus
664 2609 752 2662 eum
779 2587 1032 2678 circumiacet,
1055 2588 1301 2683 septuaginta
1328 2587 1539 2662 stadiorum
1569 2589 1609 2662 in
1637 2589 1717 2662 lon·

281 2712 467 2807 gitudine,
495 2712 633 2808 viginti
661 2714 702 2786 in
729 2713 935 2789 latitudine
962 2716 1109 2809 patens,
1130 2715 1170 2787 in
1199 2736 1274 2810 quo
1301 2715 1487 2788 mirabilis
1516 2715 1718 2788 horterum

280 2838 418 2934 gratia,
446 2837 555 2914 varia
582 2839 797 2933 palmarum
816 2861 966 2934 genera,
986 2839 1305 2935 praestantissimi
1324 2840 1454 2934 apium
1473 2839 1609 2930 foetus,
1639 2839 1719 2912 illic

238 2999 240 3004 ·
282 2963 570 3060 opobalsamum
597 2965 780 3060 gignitur.
817 2964 925 3050 Quod
961 2965 1046 3040 ideo
1075 2987 1161 3040 cum
1200 2964 1412 3040 adiectione
1449 2964 1720 3060 significamus,

283 3091 374 3186 quia
401 3090 591 3186 agricolae
624 3091 764 3166 cortice
794 3093 931 3166 tenues
963 3093 1133 3188 virgulas
1161 3093 1285 3168 acutis
1316 3093 1507 3189 lapidibus
1534 3092 1721 3186 incidunt,

281 3237 327 3291 ea
354 3216 395 3289 in
422 3217 560 3310 quibus
587 3217 759 3290 balsama
786 3221 1032 3312 generantur,
1057 3222 1103 3292 ut
1121 3241 1189 3313 per
1205 3219 1293 3292 illas
1322 3241 1503 3294 cavernas
1530 3218 1720 3314 paulatim

282 3343 479 3418 destillans
506 3343 645 3417 humor
663 3366 703 3419 se
730 3344 886 3440 colligat
904 3345 1083 3440 lacrymis
1111 3345 1269 3441 pulcher
1295 3345 1527 3420 rorantibus.
1556 3347 1640 3421 Illic
1669 3349 1720 3421 ci·

281 3491 404 3563 prum,
431 3468 511 3541 illic
538 3469 833 3543 miroballanum
852 3471 1043 3544 nascitur:
1063 3495 1175 3566 aqua,
1196 3475 1241 3546 ut
1268 3473 1419 3546 caetera
1446 3471 1626 3562 fontium,
1656 3494 1719 3546 ae·

281 3594 384 3666 state
410 3591 561 3688 frigida,
591 3590 715 3667 hieme
741 3595 886 3689 tepens,
915 3616 983 3668 aer
1009 3595 1173 3686 mollior,
1202 3598 1249 3668 ut
1275 3619 1424 3670 summa
1456 3597 1580 3671 hieme
1607 3597 1718 3671 lineis

280 3721 445 3792 utantur
471 3718 717 3793 indumentis.
746 3719 845 3794 Urbs
873 3721 956 3816 ipsa
983 3721 1137 3795 condita
1155 3721 1196 3794 in
1215 3743 1359 3816 campe,
1380 3723 1441 3796 cui
1459 3721 1719 3818 supereminet

281 3865 390 3917 mons
418 3843 591 3918 diffusior
618 3847 659 3918 et
677 3844 801 3918 nudus
820 3845 1082 3941 gignentium:
1103 3867 1262 3942 aegrum
1281 3846 1382 3920 enim
1402 3849 1442 3920 et
1460 3847 1631 3922 ieiunum
1659 3869 1721 3922 so·

281 3968 375 4060 lum,
403 3973 444 4043 et
461 3968 546 4045 ideo
566 3973 625 4044 est
644 3971 837 4045 desertum
855 3972 904 4045 ab
923 3970 1068 4045 incelis.
1088 3971 1159 4046 Hic
1178 3996 1201 4046 a
1221 3969 1460 4068 Scythopolis
1480 3971 1585 4046 urbis
1612 3975 1718 4046 terra

363 4195 372 4231 ¹
393 4197 446 4258 Ad
468 4196 712 4276 explanationem
725 4204 825 4260 testes
850 4197 993 4276 antiquos
1018 4198 1171 4260 adducere
1194 4204 1344 4284 praestat.
1357 4197 1431 4258 Itin.
1446 4197 1544 4260 Burd.
1555 4199 1575 4259 l.
1588 4219 1629 4260 c.:
1647 4198 1721 4259 «Ibi

282 4295 433 4376 (Hebron)
455 4303 504 4356 est
524 4295 670 4356 memoria
693 4315 750 4374 per
777 4295 927 4373 quadrum
948 4315 986 4356 ex
1012 4295 1170 4374 lapidibus
1199 4295 1295 4356 mirae
1323 4295 1573 4374 pulchritudinis,
1601 4297 1635 4356 in
1661 4316 1723 4374 qua

280 4393 376 4475 positi
397 4399 471 4456 sunt
497 4395 663 4472 Abraham,
690 4394 789 4472 Isaac,
820 4394 914 4455 Iacob
927 4415 960 4472 »ς
981 4393 1142 4471 Peregrin.
1164 4393 1194 4454 S.
1221 4393 1357 4454 Paulae:
1389 4392 1499 4454 «Inde
1527 4414 1720 4473 consurgens

282 4493 424 4554 ascendit
436 4494 574 4555 Hebron.
589 4493 676 4554 Haec
691 4499 739 4554 est
754 4493 965 4571 cariatharbe,
979 4492 1012 4553 id
1028 4498 1077 4554 est
1092 4491 1238 4572 oppidum
1252 4493 1388 4553 virorum
1403 4499 1540 4569 quatuor,
1552 4493 1721 4571 Abraham,

281 4592 381 4672 Isaac,
406 4593 510 4670 Iacob,
531 4591 571 4654 ed
590 4590 693 4652 Adam
716 4593 829 4670 magni;
851 4611 941 4668 quem
962 4590 1006 4650 ibi
1028 4590 1194 4667 conditum,
1215 4590 1302 4651 iuxta
1314 4590 1428 4651 librum
1448 4589 1527 4651 Jesu
1542 4591 1640 4666 Nave,
1660 4590 1722 4652 He-

280 4693 368 4754 braei
388 4697 556 4767 autumant,
576 4691 651 4752 licet
676 4691 816 4770 plerique
844 4690 940 4751 Oaleb
969 4697 1110 4768 quartum
1137 4697 1258 4769 putant,
1286 4691 1371 4751 cuius
1393 4689 1550 4751 exlatere
1574 4691 1723 4752 memoria

281 4797 471 4854 monstratur
485 4814 512 4851 a.
533 4791 742 4871 Hieronymus
769 4790 802 4851 in
822 4790 896 4852 Eus.
922 4789 962 4850 ad
988 4808 1017 4854 v.
1040 4789 1173 4850 Arbon:
1204 4789 1423 4850 «Mausoleum
1452 4788 1519 4849 eius
1547 4789 1720 4870 (Abraami)

281 4891 315 4952 in
334 4891 580 4972 praesentiarum
601 4890 745 4954 cernitur.
767 4887 929 4968 Quumque
949 4911 969 4950 a
990 4889 1108 4951 nostrie
1136 4890 1198 4949 iam
1224 4888 1341 4949 ibidem
1369 4887 1532 4949 aedificata
1560 4893 1611 4950 est
1625 4910 1653 4948 a.
1675 4889 1724 4948 Ex

283 5010 342 5068 quo
363 4990 521 5068 colligitur
541 4990 619 5051 hanc
634 4989 795 5050 ecclesiam
809 4996 948 5068 tempore
962 4987 1153 5066 Peregrinae
1165 4986 1302 5048 nondum
1315 4993 1492 5065 coopertam
1507 4993 1540 5048 et
1550 4986 1723 5048 absolutam

282 5089 389 5153 fuisse.
411 5089 604 5152 Theodosius
619 5088 672 5170 (de
687 5095 748 5150 ts.
764 5091 792 5168 ξ.
804 5091 845 5150 20
858 5096 889 5150 et
903 5089 970 5171 21):
988 5088 1199 5168 «Sepulcrum
1201 5133 1247 5150 .....
1250 5132 1259 5165 ,
1273 5086 1353 5165 qnod
1368 5086 1589 5146 Abrahamium
1605 5085 1722 5164 dieunt,

282 5187 404 5250 distans
424 5207 443 5248 a
464 5186 606 5248 calvaria
625 5206 683 5267 per
701 5186 833 5265 triginta
844 5187 1017 5248 milliaria...
1032 5187 1081 5248 De
1102 5184 1290 5247 Terebintho
1304 5203 1402 5261 usqne
1416 5183 1456 5244 ad
1470 5183 1648 5262 speluncam
1669 5183 1722 5244 du·

283 5287 406 5366 plicem‚
426 5287 480 5347 ubi
500 5285 696 5364 requiescunt
715 5285 910 5366 patriarchae
929 5285 1075 5371 milliaria
1095 5291 1236 5363 quatuor.
1256 5281 1305 5342 De
1326 5281 1475 5360 spelunca
1488 5281 1605 5360 duplici
1623 5300 1723 5359 usque

285 5387 317 5447 in
337 5386 465 5448 Hebron
485 5385 630 5447 milliaria
650 5383 710 5445 duo
725 5407 753 5444 ›.
777 5384 859 5446 Ossa
885 5383 1000 5462 Ioseph
1020 5382 1146 5446 condita
1174 5387 1264 5442 erant
1289 5400 1385 5463 prope
1406 5379 1508 5443 vicum
1528 5379 1661 5456 Sichem,
1683 5379 1723 5442 ad

287 5503 377 5562 quem
397 5489 507 5562 postea
525 5483 613 5544 venit
632 5481 814 5560 Peregrina.

368 5581 380 5620 ²
401 5582 479 5666 Reg.
501 5581 563 5659 III,
585 5601 650 5664 cap.
672 5582 701 5663 3,
723 5600 752 5640 v.
775 5581 824 5642 32.
