4604 6560
617 705 682 784 136
1201 723 1300 778 earm
1323 723 1460 778 urscosl

1886 815 2044 827 ——n———nu

614 952 830 1050 appellatur
856 953 999 1045 Bomos,
1020 951 1062 1024 in
1090 974 1167 1047 qua
1193 950 1335 1026 Foenix
1361 953 1449 1047 post
1476 949 1703 1046 quingentos
1731 969 1850 1022 anuos
1877 944 2042 1022 residere

615 1079 813 1153 consuevit
832 1067 855 1151 ¹.

691 1202 860 1300 Aegypti
886 1205 1019 1277 autem
1046 1225 1132 1278 curn
1151 1202 1230 1276 sint
1248 1200 1491 1276 ubertissima
1508 1199 1605 1291 loca,
1624 1202 1756 1274 tamen
1784 1218 1883 1294 quae
1910 1200 2046 1272 tenuo-

611 1331 705 1403 runc
731 1328 800 1402 filu
826 1309 1272 1404 rsrsalslncmuara'.
1296 1325 1585 1416 passurusne,
1605 1347 1702 1422 quas
1729 1324 1903 1419 iungitur
1933 1321 2044 1396 rue·

480 1478 512 1555 -χ
612 1455 747 1544 atinae,
773 1453 1030 1538 inaccessibile
1057 1453 1132 1528 iter
1159 1451 1287 1542 habet,
1315 1474 1405 1525 nam
1432 1451 1523 1526 licet
1540 1449 1800 1525 mansionibus
1828 1445 2046 1544 quindecim

613 1580 769 1670 a....eat,
797 1579 880 1654 loca
906 1582 1038 1654 tamen
1065 1577 1146 1674 ipsa
1174 1576 1255 1652 sine
1282 1598 1383 1672 aqua
1410 1579 1502 1651 suut
1520 1570 1545 1650 ³.
1672 1673 1677 1688 ι

485 1692 490 1709 ’
617 1782 621 1790 ,
694 1704 754 1780 Ab
781 1703 988 1780 Ierusalem
1015 1707 1148 1778 autem
1182 1725 1302 1798 usque
1329 1702 1378 1777 ad
1413 1707 1584 1778 montem
1621 1705 1795 1777 sanctum
1824 1699 1929 1796 Syna
1956 1700 2047 1773 sunt

477 1858 483 1879 =
614 1830 828 1904 mansiones
855 1829 995 1925 viginti
1022 1828 1098 1903 duo
1111 1822 1136 1903 ⁴.
1171 1829 1346 1904 Pelusius
1378 1849 1469 1904 vero
1496 1828 1717 1923 metropolis
1745 1829 1804 1902 est
1830 1825 2047 1923 provinciae

614 1955 886 2051 Augustanice.
906 1955 1208 2050 Augustamnica
1227 1959 1358 2030 autem
1377 1953 1572 2049 provincia
1589 1954 1631 2027 in
1649 1953 1799 2049 Egypto
1814 1955 1876 2026 est
1888 1943 1914 2025 ⁵.
1930 1950 2047 2024 APe·

613 2081 713 2156 lusio
740 2085 870 2156 antem
898 2102 1017 2176 usque
1045 2080 1094 2154 ad
1121 2084 1292 2156 montem
1320 2079 1423 2176 Syna
1446 2083 1537 2154 sunt
1563 2081 1779 2154 mansiones
1808 2076 2009 2152 duodecim
2022 2066 2047 2148 ⁶.

613 2205 859 2304 Antequam
895 2227 986 2281 vero
1022 2207 1222 2300 pervenias
1261 2203 1310 2278 ad
1348 2207 1518 2280 montem
1555 2204 1645 2279 Sina
1677 2205 1843 2278 occurrit
1879 2205 2049 2277 castrum

612 2330 760 2406 Clesma
787 2353 901 2426 super
928 2353 1033 2410 mare
1060 2331 1232 2422 rubrum,
1252 2331 1319 2406 ubi
1337 2329 1407 2404 filii
1425 2329 1544 2406 Israel
1562 2331 1659 2404 sicco
1686 2327 1780 2424 pede
1808 2327 2047 2401 transierunt

612 2478 718 2537 maro
730 2447 756 2531 ⁷.
776 2456 947 2551 Vestigia
974 2458 1105 2532 autem
1133 2479 1265 2534 currus
1289 2456 1499 2532 Pharaonis
1527 2455 1568 2528 in
1595 2455 1728 2530 mediis
1756 2453 1882 2528 arenis
1910 2457 2048 2549 parent

614 2602 735 2678 usque
762 2581 803 2655 in
829 2581 1115 2676 sempiternum.
1153 2581 1276 2656 Rotae
1312 2584 1445 2654 autem
1471 2581 1576 2676 ipsae
1604 2581 1705 2654 inter
1732 2600 1772 2654 se
1800 2577 1926 2652 multo
1964 2578 2050 2675 plus

614 2711 765 2802 parent,
793 2729 908 2801 quam
936 2728 1069 2782 currus
1086 2707 1268 2802 temporis
1287 2705 1420 2796 nostri,
1441 2706 1508 2800 qui
1526 2726 1627 2779 nunc
1645 2705 1686 2776 in
1703 2726 1862 2779 romano
1890 2703 2050 2798 imperio

615 2831 715 2904 fiunt
731 2824 756 2903 ⁸.
784 2829 885 2904 Nam
912 2831 1013 2906 inter
1039 2834 1165 2906 rotam
1193 2832 1233 2906 et
1259 2833 1386 2904 rotam
1402 2829 1542 2925 viginti
1561 2832 1603 2904 et
1627 2831 1794 2924 quatuor
1811 2827 1926 2925 pedes
1946 2831 1988 2902 et
2005 2850 2050 2904 eo

697 2998 707 3035 ²
727 2999 864 3062 Hebraei
884 3005 1085 3078 auctoresque
1106 2999 1226 3078 antiqui
1245 2999 1339 3079 uulgo
1359 2999 1445 3063 mille
1457 2999 1541 3062 vitae
1561 3019 1659 3061 annos
1675 2997 1824 3061 Phoenici
1837 2997 2049 3077 assignabant,

614 3098 751 3164 Bochart
770 3099 894 3160 Hieros.
915 3099 936 3160 l.
956 3098 1013 3177 VI,
1034 3118 1060 3160 c.
1082 3099 1110 3160 5.
1125 3137 1127 3142 ,

693 3195 885 3260 'Transivit
904 3197 1076 3275 Peregrina
1105 3217 1163 3277 per
1193 3204 1307 3260 terram
1331 3197 1451 3260 Gesseu
1483 3205 1589 3260 secuta
1618 3197 1711 3274 viana
1735 3215 1852 3274 «qnae
1882 3195 1983 3256 mittit
2012 3193 2050 3255 de

614 3292 775 3355 Thebaida
793 3294 829 3355 in
849 3294 1007 3356 Pelusio»
1028 3303 1064 3356 ut
1083 3296 1154 3374 ipsa
1180 3297 1323 3376 scripsit:
1347 3296 1455 3358 ‹Sane
1475 3297 1550 3358 licet
1576 3304 1691 3358 terram
1712 3295 1813 3357 Gesae
1833 3294 1896 3356 iam
1918 3313 2051 3370 nossem,

612 3391 646 3452 id
671 3398 722 3455 est
747 3391 869 3470 quaudo
898 3391 1043 3472 primitus
1068 3392 1109 3454 ad
1134 3393 1291 3473 Egyptum
1317 3393 1436 3457 fueram
1457 3416 1485 3454 ›.
1507 3395 1550 3455 Ilt
1576 3395 1637 3456 alio
1662 3395 1749 3456 loco:
1778 3393 1915 3454 «Terra
1940 3392 2051 3470 (iesse,

612 3510 692 3569 qnae
713 3497 819 3553 tamen
840 3497 926 3554 terra
945 3490 1064 3569 Egypti
1083 3511 1157 3570 pars
1177 3500 1235 3568 est,
1256 3492 1313 3554 sed
1333 3493 1442 3556 melior
1462 3493 1540 3572 satis
1561 3513 1653 3570 qnam
1673 3491 1773 3554 omnis
1793 3492 1939 3570 Egyptns
1960 3497 2011 3553 est
2023 3513 2051 3550 a.

692 3588 705 3638 ὃ
725 3589 774 3650 Ex
793 3588 845 3650 bis
865 3587 972 3651 verbis
992 3588 1092 3650 oritur
1113 3589 1247 3668 dubium,
1268 3597 1371 3652 utrum
1390 3591 1561 3669 Peregrina
1580 3591 1620 3652 ab
1640 3592 1788 3670 Aegypto
1811 3611 1868 3670 per
1894 3589 2053 3650 desertum

615 3685 771 3748 arabiam
791 3707 920 3750 reversa
934 3685 993 3748 sit:
1007 3705 1266 3766 supervacaneum
1280 3689 1362 3752 enim
1375 3689 1488 3752 inisset
1500 3688 1674 3752 mansiones
1693 3707 1880 3766 enumerare,
1895 3686 1960 3751 nisi
1973 3684 2052 3748 illud

613 3783 676 3848 iter
694 3785 911 3850 inaccessibile
932 3785 1129 3848 absolvisset.

693 3883 708 3919 ⁴
727 3884 777 3944 Ab
797 3884 971 3950 Ierusalem
991 3884 1031 3946 ad
1051 3893 1187 3947 montem
1207 3885 1302 3966 Synai
1333 3886 1506 3948 mansiones
1529 3885 1644 3964 viginti
1672 3893 1705 3946 et
1732 3883 1813 3948 dnae
1837 3884 2051 3962 adsignantur,

613 3981 815 4060 pergentibus
835 3987 941 4042 tamen
956 4001 1052 4059 usque
1067 3981 1107 4042 ad
1121 3984 1309 4062 Aegyptum,
1322 3991 1354 4045 et
1368 3984 1603 4046 transeuntibus
1616 4003 1674 4063 per
1687 3983 1850 4046 Pelusium
1865 3989 1898 4044 et
1909 3982 2052 4061 Clysma:

612 4100 684 4161 nam
703 4081 742 4142 ab
762 4081 936 4146 Ierusalem
955 4081 1119 4145 Pelusium
1138 4081 1255 4162 decem,
1277 4102 1296 4142 a
1315 4082 1443 4144 Pelusio
1463 4081 1505 4143 ad
1524 4088 1660 4144 mentm
1670 4081 1767 4162 Synai
1787 4079 1953 4144 duodecim
1973 4099 2053 4140 man·

612 4178 716 4241 aiones
736 4187 833 4242 erant

691 4275 938 4356 ⁵Augustanica
958 4279 1098 4359 Aegypti
1117 4279 1285 4360 provincia,
1306 4279 1394 4342 cuius
1417 4279 1597 4358 metropolis
1624 4278 1781 4342 Pelusius.
1802 4275 2052 4356 Augustamnica

612 4374 696 4454 apud
724 4375 921 4440 Ammiannm
949 4377 1033 4438 dicta
1060 4377 1094 4459 (l,
1115 4377 1227 4457 XXII,
1247 4399 1274 4440 c.
1297 4379 1357 4460 16),
1386 4383 1420 4440 et
1441 4379 1689 4469 Ἀυγουστανικὴ
1720 4377 1804 4459 apud
1832 4375 2051 4450 lastinianum,

613 4479 736 4545 Novell.
756 4481 848 4562 VIII,
869 4485 899 4563 ξ.
920 4485 960 4544 33
981 4489 1014 4546 et
1033 4485 1082 4546 37.

694 4580 707 4617 ⁶
726 4580 826 4643 Recta
844 4581 992 4648 isthmum
1012 4583 1165 4661 percurrit
1185 4583 1266 4660 Pan,
1287 4582 1321 4645 id
1341 4591 1390 4646 est
1409 4603 1428 4644 a
1446 4583 1573 4645 Pelusio
1594 4584 1635 4646 ad
1650 4584 1785 4664 Clysma,
1798 4590 1831 4645 et
1853 4603 1872 4644 a
1893 4581 2053 4662 clysmate

615 4776 766 4838 Antonini
785 4776 832 4837 ita
852 4776 1056 4840 adnotantur:
1079 4802 1095 4838 ‹
1118 4779 1243 4858 Clysma
1263 4778 1393 4857 Sarapin
1414 4798 1453 4839 m.
1474 4779 1547 4857 pL
1567 4778 1794 4840 -Thaubasio
1815 4799 1855 4838 m.
1870 4798 1901 4858 p.
1916 4777 2001 4840 VIII
2016 4811 2054 4822 -

616 4872 681 4934 Sile
702 4894 742 4934 m.
763 4895 793 4952 p.
813 4873 964 4938 XXVIII
983 4909 1022 4922 -—
1041 4875 1188 4954 Magdalu
1216 4897 1256 4938 m.
1281 4898 1312 4957 p.
1337 4875 1406 4938 XII
1426 4912 1465 4924 —
1484 4873 1612 4940 Pelusio
1638 4899 1678 4939 m.
1698 4897 1729 4956 p.
1754 4875 1832 4938 XII.
1854 4900 1871 4936 a
1894 4877 1935 4937 Iu
1955 4882 2055 4938 totum

615 4991 655 5036 m·
675 4969 795 5049 nox.
829 4971 891 5034 Sed
910 4973 1060 5053 Agrippa,
1091 4981 1127 5036 ut
1157 4974 1279 5038 Plinius
1308 4973 1407 5038 refert
1438 4974 1491 5055 (H.
1512 4974 1551 5036 N.
1571 4975 1592 5036 l.
1613 4975 1670 5050 VI,
1691 4995 1717 5036 c.
1740 4975 1801 5056 13),
1823 4994 1842 5035 a
1861 4973 1994 5036 Pelusio
2016 4971 2055 5034 ad

616 5067 792 5145 Arsincem,
812 5089 891 5148 qnae
910 5091 972 5132 non
992 5071 1084 5150 longe
1104 5093 1124 5134 a
1144 5071 1304 5151 Clysmate
1321 5072 1447 5148 locatur,
1468 5071 1567 5132 millia
1586 5091 1616 5150 p.
1640 5071 1763 5134 OXXV
1793 5071 1996 5151 computavit.
2017 5068 2056 5130 Id

616 5163 814 5226 intervallum
835 5174 947 5243 aequat
966 5167 1110 5229 milliaria
1128 5168 1334 5248 geographica
1346 5168 1496 5230 hodierna
1509 5167 1614 5246 LXV3
1630 5168 1663 5228 id
1677 5167 1759 5246 quod
1773 5167 1869 5230 situm
1884 5167 2056 5247 Clysmatis

617 5259 650 5322 in
670 5261 748 5323 Suez
769 5261 936 5325 coufirmat.

697 5359 709 5394 ⁷
729 5361 778 5422 De
798 5367 900 5422 castro
922 5361 1045 5424 Olesma
1064 5363 1117 5424 vel
1138 5362 1296 5442 Clysmate
1316 5365 1390 5428 vide
1410 5366 1695 5445 Peregrinaticuem
1715 5386 1787 5446 pag.
1807 5367 1858 5446 45,
1878 5369 1929 5428 46.

697 5455 953 5532 ⁸Animadverte
973 5461 1122 5538 temporis
1143 5467 1306 5521 notam:‹
1336 5465 1484 5542 temporis
1511 5466 1621 5541 nostri,
1649 5486 1730 5527 nnnc
1756 5467 1791 5527 in
1815 5487 1942 5528 romano
1962 5466 2056 5545 impe

621 5553 668 5615 rio
690 5576 718 5614 a.
738 5555 840 5634 Vulgo
861 5563 933 5634 tunc
953 5575 1060 5621 currus
1081 5558 1253 5622 Pharaonis
1273 5561 1408 5640 vestigia
1428 5562 1579 5624 mansisse
1600 5571 1632 5624 et
1652 5566 1789 5644 conspici
1812 5566 2005 5644 putabantur
2024 5565 2057 5628 in
