4622 6572
584 632 628 697 20
1212 649 1238 693 s.
1263 649 1391 694 murum

585 892 631 945 ex
658 869 783 944 Merrb
809 869 891 944 loco
920 866 1188 943 amaritudinis
1208 867 1248 939 in
1276 867 1399 963 Elym,
1421 867 1487 940 ubi
1514 865 1589 939 XII
1616 866 1741 942 fontes
1769 892 1957 965 aquarum
1977 872 2019 944 et

584 995 830 1090 septuaginta
857 994 1011 1068 arbores
1046 992 1261 1088 palmarum
1289 993 1411 1081 erant,
1443 991 1608 1067 venitur.
1636 991 1728 1066 Post
1761 995 2019 1089 cognitionem

584 1121 813 1197 sacramenti
840 1119 946 1214 ligni,
976 1118 1219 1215 apostolicae,
1244 1117 1424 1191 videlicet
1451 1117 1703 1212 evangelicae,
1724 1117 2018 1214 praedicationis

584 1248 689 1322 sedes
718 1246 911 1342 expetitur
943 1243 1189 1338 septuaginta
1225 1242 1561 1337 praedicatoribus
1590 1266 1658 1336 pro
1687 1246 1858 1338 tempore
1894 1245 2020 1317 inum·

583 1373 796 1462 brantibus,
818 1375 858 1444 et
886 1369 1084 1443 duodecim
1113 1368 1295 1463 apostolis
1322 1368 1362 1439 in
1390 1369 1591 1440 aeternum
1620 1366 1848 1442 fluentibus:
1869 1373 1910 1444 et
1930 1370 2020 1464 quia

584 1499 828 1595 septuaginta
856 1496 1136 1592 praedicatores
1163 1493 1353 1589 evangelii
1381 1493 1492 1567 electi
1520 1491 1691 1567 infideles
1716 1499 1849 1590 postea
1876 1496 2021 1591 reperti

584 1627 687 1715 sunt,
717 1645 801 1698 cum
830 1625 962 1696 tamen
990 1621 1160 1696 fructum
1178 1620 1266 1694 fidei
1295 1620 1474 1694 subiectis
1494 1621 1565 1694 sibi
1591 1619 1796 1696 immundis
1823 1621 2021 1718 spiritibus

584 1749 807 1824 retulissent
822 1740 854 1837 ¹;
881 1747 1064 1842 apostolis
1082 1747 1122 1819 in
1142 1745 1228 1820 fidei
1248 1747 1530 1841 praedicatione
1550 1748 1788 1837 durantibus,
1810 1747 1913 1820 facta
1930 1747 2022 1820 licet

585 1872 828 1970 septuaginta
847 1874 1026 1946 arborum
1046 1895 1131 1945 cum
1150 1871 1345 1946 duodecim
1370 1873 1539 1946 fontibus
1560 1874 1752 1948 mentione
1765 1864 1790 1962 ²,
1811 1871 2021 1946 secundum

524 2015 558 2070 19
585 2001 716 2074 tamen
743 1999 953 2094 scripturae
982 1996 1095 2070 fidem
1123 1997 1162 2069 in
1190 1997 1271 2070 sola
1289 2021 1478 2092 aquarum
1502 1995 1507 2088 l
1532 1999 1620 2073 sede
1646 1997 1909 2093 requiescitur.
1939 1996 2023 2069 Iam

585 2146 675 2198 vero
703 2125 743 2197 in
771 2124 1007 2198 coturnicum
1037 2122 1212 2197 carnibus
1232 2125 1272 2196 et
1291 2145 1452 2196 mannae
1472 2123 1554 2197 cibo
1574 2126 1720 2218 quanta
1744 2126 1784 2197 et
1812 2145 1927 2217 quarn
1956 2121 2024 2194 ab·

585 2250 712 2323 soluta
739 2249 824 2339 reb')
854 2247 1035 2344 spiritalis
1072 2250 1130 2321 est
1156 2247 1277 2320 ratio!
1308 2247 1487 2341 Populus,
1519 2249 1658 2342 quiex
1687 2247 1862 2343 Aegypto
1890 2246 2023 2320 iuerat

586 2375 757 2464 eductus,
788 2374 969 2448 adversus
990 2373 1102 2446 duces
1129 2375 1365 2445 murmurat:
1386 2394 1530 2461 carnee,
1551 2371 1689 2466 quibus
1708 2371 1748 2444 in
1767 2371 1950 2468 Aegypto
1963 2372 2024 2442 uti

585 2499 744 2588 solebat,
766 2497 966 2571 desiderat.
983 2495 1082 2569 Grex
1102 2497 1340 2570 coturnicum
1360 2517 1514 2590 vespere
1530 2496 1713 2570 advolans
1729 2499 1855 2569 castra
1875 2495 2001 2590 operit
2012 2516 2021 2582 ;

586 2645 718 2697 eorum
746 2623 922 2697 carnibus
951 2622 1113 2717 populus
1141 2622 1279 2709 alitur;
1309 2621 1499 2694 maturius
1527 2645 1669 2694 manna
1696 2621 1908 2708 invenitur;
1938 2621 2021 2693 sine

586 2748 802 2822 discrimine
831 2748 971 2821 aetatis
991 2749 1061 2819 aut
1088 2767 1198 2819 sexus
1228 2746 1431 2840 unicuique
1455 2745 1555 2819 idem
1584 2767 1783 2818 mensurae
1800 2745 1937 2817 modus
1958 2745 2023 2818 de-

586 2873 765 2962 cernitur,
786 2873 871 2968 plus
899 2872 1077 2966 colligens
1096 2894 1173 2944 non
1202 2872 1373 2945 abundat
1391 2863 1415 2962 ³,
1436 2871 1562 2945 minus
1590 2870 1796 2945 recondens
1817 2893 1894 2944 non
1921 2874 2023 2966 eget.

586 2997 632 3069 In
650 2996 720 3087 his,
742 3020 838 3092 quae
857 2998 963 3071 ultra
990 2998 1255 3071 necessitatem
1283 3000 1405 3086 erant,
1434 2997 1574 3072 vermis
1603 2991 1826 3084 efferbuit⁴;
1857 2999 1896 3070 et
1920 2975 2025 3090 quod

588 3121 634 3195 de
660 3115 801 3194 manna
829 3122 869 3194 in
889 3143 1020 3216 campo
1049 3121 1184 3195 relicta
1212 3125 1296 3194 erat
1323 3121 1526 3216 reliquum,
1551 3121 1630 3194 sole
1658 3120 1907 3194 incalescente
1935 3141 2027 3193 con-

587 3245 736 3332 tabuit3
758 3245 818 3318 die
837 3248 945 3319 sexta
966 3246 1125 3342 duplum
1143 3245 1373 3338 reconditur,
1395 3267 1463 3319 nec
1492 3244 1759 3339 corrumpitur,
1781 3243 1841 3317 die
1861 3244 2025 3339 septimo

587 3392 728 3442 manna
756 3371 990 3444 abstinetur:
1021 3370 1248 3465 quibusdam
1268 3373 1398 3442 tamen
1426 3370 1616 3442 incassum
1644 3369 1947 3464 expectantibus,
1975 3369 2026 3442 ad

587 3499 820 3590 postremum
858 3519 991 3592 gomor
1028 3497 1187 3592 singulis
1225 3496 1472 3586 destinatum,
1499 3516 1589 3570 vase
1626 3515 1744 3567 aureo
1782 3494 2027 3568 reconditum

586 3619 741 3694 futurae
768 3622 1008 3716 generationi
1029 3622 1068 3694 in
1088 3621 1353 3695 testimonium
1381 3623 1610 3694 reservatur.
1632 3619 1760 3714 Atque
1790 3618 1907 3692 etiam
1929 3618 2027 3690 illud

588 3747 845 3818 contuendum
875 3750 943 3836 est,
973 3747 1074 3841 quod
1112 3769 1254 3819 manna
1282 3747 1321 3818 in
1359 3747 1653 3840 temptationem
1691 3745 1817 3836 datur,
1848 3766 1914 3840 per
1943 3744 2026 3818 eius

587 3870 871 3944 observantiam
900 3872 1172 3967 unusquisque,
1200 3896 1247 3944 an
1278 3872 1487 3967 praeceptis
1511 3871 1583 3944 Dei
1610 3871 1661 3943 sit
1688 3871 1858 3961 idoneus,
1888 3871 2026 3964 proba·

587 3995 697 4066 turus
710 4015 719 4082 ;
758 3995 814 4068 ita
849 3996 951 4070 enim
988 3997 1172 4092 scriptum
1209 3987 1295 4070 est⁵
1319 3981 1359 4084 ,':
1393 3995 1499 4069 Dixit
1536 3995 1720 4069 Dominus
1759 3995 1807 4068 ad
1844 3995 2025 4090 Moysen:

587 4117 680 4193 Ecce
708 4140 778 4214 ego
808 4120 937 4215 pluam
965 4121 1073 4196 vobis
1105 4143 1221 4216 panes
1249 4121 1295 4194 de
1323 4121 1439 4214 coelo,
1469 4124 1509 4194 et
1537 4120 1639 4194 exiet
1676 4121 1850 4216 populus,
1880 4123 1920 4194 et
1948 4119 2026 4193 col-

587 4247 681 4342 liget
709 4247 822 4319 unius
842 4247 917 4321 diei
945 4247 983 4319 in
1013 4247 1124 4338 diem,
1145 4250 1191 4320 ut
1218 4250 1402 4342 temptem
1424 4269 1499 4338 eos,
1519 4247 1551 4319 si
1577 4247 1815 4342 ingredietur
1832 4247 1872 4318 in
1900 4247 2026 4340 legem

588 4392 725 4461 meam,
754 4395 804 4444 an
832 4394 909 4445 non
943 4427 974 4457 ,.
1004 4372 1060 4444 De
1088 4373 1266 4445 carnibus
1293 4394 1385 4447 vero
1417 4373 1474 4444 ita
1511 4371 1655 4445 dictum
1690 4363 1774 4445 est⁶
1804 4368 1923 4442 :“Ad
1961 4393 2026 4445 ve-

588 4516 738 4589 speram
766 4495 879 4569 editis
916 4517 1082 4588 carnem,
1115 4500 1155 4570 et
1183 4519 1295 4571 mane
1331 4496 1530 4592 replemini
1567 4519 1665 4592 pane
1695 4553 1726 4584 ,.
1758 4495 1947 4570 Oomestio
1977 4495 2028 4568 ad

588 4639 788 4714 uesperum
816 4623 856 4693 in
884 4643 1008 4711 carne,
1038 4621 1202 4716 expletio
1231 4625 1361 4695 autem
1390 4643 1502 4695 mane
1538 4621 1775 4716 significatur
1803 4619 1843 4692 in
1871 4643 2025 4694 manna.

588 4741 688 4837 Ergo
708 4744 811 4838 quod
830 4745 878 4817 ad
906 4767 1056 4818 carnem
1087 4746 1264 4839 pertinet,
1286 4745 1382 4818 illud
1404 4749 1477 4820 est:
1499 4745 1601 4841 quod
1630 4747 1792 4841 populus
1812 4749 1853 4818 in
1873 4745 2024 4818 deserto

589 4890 747 4942 manens
784 4870 969 4945 desiderio
1006 4870 1291 4945 consuetudinis
1328 4871 1541 4960 detinetur;
1571 4894 1659 4943 nam
1698 4893 1828 4944 carnes
1858 4869 2026 4964 Aegypti

589 4991 791 5067 desiderat.
813 4993 985 5068 Assumit
1004 4994 1053 5067 ad
1081 5017 1302 5089 vesperum:
1331 4994 1493 5069 infidelis
1522 4995 1664 5070 scilicet
1684 4994 1775 5085 Dee,
1804 4997 1845 5067 et
1869 4993 2029 5088 promis-

589 5139 719 5191 sorum
747 5119 829 5193 eius
857 5120 1006 5215 patiens
1034 5141 1154 5215 usque
1182 5119 1231 5192 ad
1265 5119 1632 5194 consummationem
1660 5118 1814 5210 saeculi,
1845 5139 1942 5213 quae
1976 5117 2026 5190 si·

671 5423 678 5456 ¹
695 5413 891 5478 rettulissent
911 5447 951 5463 --
972 5415 1111 5478 lmentio
1134 5451 1173 5462 -
1194 5415 1377 5478 ³habundat
1393 5453 1425 5463 -
1443 5425 1452 5459 ⁴
1469 5413 1620 5481 ecferbuit
1640 5452 1679 5464 -·-
1701 5416 1823 5480 rand.
1838 5416 1928 5497 XVI,
1949 5417 1970 5477 4
1996 5453 2028 5465 -

589 5511 713 5574 οΕκοᾶ.
735 5515 823 5592 XVI,
848 5515 895 5574 12.
