4604 6560
820 763 865 810 nr
888 764 982 812 come
1006 763 1142 812 erroris
1449 719 1452 726 ¹
1633 737 1695 812 141

160 1033 162 1038 -
256 997 359 1076 voro,
388 984 455 1060 ubi
482 984 610 1062 oravit
627 985 791 1082 Moyses,
810 986 963 1082 quondo
982 985 1088 1061 Iesus
1111 987 1345 1082 expugnavit
1372 985 1567 1078 Amalech,
1586 1008 1696 1060 mons

255 1108 424 1184 excelsus
442 1111 502 1184 est
520 1107 631 1185 valde
651 1113 692 1186 et
714 1113 863 1186 erectus
881 1109 1083 1186 imminens
1102 1131 1216 1206 snper
1233 1110 1389 1186 Pharon
1404 1101 1438 1185 ¹:
1467 1111 1535 1185 ubi
1562 1113 1696 1186 nutem

255 1235 384 1310 ornvit
401 1233 562 1331 Moyses,
582 1235 739 1310 ecclesia
756 1257 857 1312 nunc
875 1238 1096 1312 constructe
1115 1239 1185 1312 est.
1205 1236 1326 1312 Locus
1348 1237 1481 1311 eutem
1499 1236 1578 1332 ipse
1599 1259 1690 1332 que·

255 1357 502 1433 modmodum
534 1359 644 1452 sedit,
673 1364 714 1436 et
750 1361 1074 1457 quemadmodum
1109 1360 1253 1458 lepidos
1292 1361 1362 1436 sub
1394 1361 1528 1437 cubitu
1554 1361 1696 1436 hebuit

257 1483 372 1559 hodie
397 1475 795 1582 porent².1bietiam
813 1487 963 1583 Moyses
991 1477 1139 1562 devicto
1162 1485 1370 1563 Hemeleoh
1395 1485 1613 1562 aedificavit
1640 1487 1697 1561 nl·

255 1613 341 1684 tere
369 1609 543 1685 Domino.
571 1609 617 1685 In
643 1613 799 1686 tontum
834 1617 965 1688 eutem
993 1613 1098 1688 locus
1126 1614 1208 1708 ipse
1241 1633 1362 1708 usque
1391 1611 1440 1686 od
1468 1611 1698 1709 quingentos

256 1760 389 1834 possus
415 1740 564 1814 erectus
591 1741 661 1828 est,
689 1759 734 1812 nc
760 1738 793 1812 si
820 1759 887 1836 per
920 1739 1107 1835 parietem
1139 1738 1287 1815 subeas.
1326 1739 1383 1814 lle
1421 1737 1577 1813 Phoron
1606 1760 1699 1815 vero

257 1884 376 1959 usque
394 1863 443 1936 nd
461 1865 633 1939 montem
648 1865 824 1938 sunctum
843 1862 947 1960 Syna
966 1863 1071 1938 milia
1089 1865 1252 1960 triginta
1271 1841 1439 1960 quinque
1458 1853 1484 1938 ⁸.
1510 1862 1631 1938 Porro
1657 1865 1699 1938 in

257 1987 423 2064 Aseroth
460 1987 583 2064 adhuc
624 1991 804 2084 apparet,
838 1988 1159 2084 quemadmodum
1201 1989 1278 2063 fuit
1309 1988 1355 2064 de
1386 1981 1513 2088 lupide
1549 1989 1699 2065 vellum
1793 1995 1794 1998 '

256 2114 394 2210 ipsum,
422 2113 488 2188 ubi
515 2113 791 2191 habitaverunt
817 2114 887 2188 filii
913 2113 1043 2206 Israel,
1073 2136 1160 2189 cum
1196 2116 1486 2190 reverterentur
1513 2137 1537 2188 n
1565 2118 1697 2190 monte

257 2240 329 2315 Dei
344 2231 371 2312 ⁴.
399 2237 542 2313 Throni
569 2238 688 2314 etism
715 2241 795 2315 tres
814 2243 905 2314 sunt
923 2239 970 2314 de
989 2239 1181 2338 lapidibus
1199 2239 1292 2315 facti
1314 2237 1461 2316 modice
1480 2240 1521 2314 in
1538 2239 1697 2315 editiori

256 2367 353 2460 loco,
381 2387 482 2440 unus
509 2365 645 2462 Moysi,
672 2366 810 2462 reliqui
837 2389 929 2443 vero
949 2365 1079 2441 Aaron
1098 2369 1138 2442 et
1156 2365 1301 2440 Iethro.
1321 2365 1426 2440 Cella
1455 2351 1614 2456 nutem(
1629 2367 1697 2440 ubi

258 2494 436 2592 soporato
462 2491 538 2566 fuit
564 2492 687 2566 Morio
704 2492 828 2590 Moysi
846 2515 954 2568 soror
971 2496 1118 2588 septem
1137 2492 1282 2582 diebus,
1303 2513 1426 2590 usqne
1444 2491 1558 2567 hodie
1585 2513 1698 2588 super

257 2623 404 2695 terrem
430 2617 525 2693 duos
552 2616 665 2716 pedes
691 2620 845 2695 eminet.
873 2618 933 2694 Ab
952 2619 1116 2696 Aeeroth
1139 2621 1272 2694 autem
1299 2639 1419 2715 usque
1447 2618 1497 2692 ad
1524 2621 1698 2694 montem

259 2747 435 2820 sunctum
462 2743 566 2842 Syna
592 2745 693 2820 inter
718 2747 869 2820 montes
895 2743 945 2820 ed
973 2744 1172 2820 dexteram
1191 2747 1232 2819 et
1249 2743 1444 2820 sinistram
1472 2747 1600 2820 totum
1630 2766 1698 2841 per

259 2870 400 2946 vollem
426 2869 549 2966 ipsum
575 2870 834 2945 monumentis
861 2869 1016 2967 plenum
1043 2873 1114 2946 est.
1143 2870 1265 2968 Prope
1293 2892 1384 2947 vero
1408 2873 1581 2946 montem
1608 2894 1696 2947 seu·

260 2997 365 3070 ctum
384 2995 425 3068 in
442 2994 538 3086 loco,
558 2997 624 3092 qui
642 2996 859 3093 appellatur
878 2994 1058 3092 sepulcre
1076 2996 1414 3093 concupiscentiae,
1428 2997 1556 3070 totum
1573 2996 1698 3093 sepul·

261 3119 360 3194 chris
377 3119 533 3216 plenum
551 3123 611 3195 eet
623 3111 647 3196 ⁶.
664 3121 883 3217 Antequam
902 3142 994 3197 voro
1013 3122 1212 3218 pervenies
1226 3121 1275 3196 od
1288 3124 1461 3198 montem
1481 3120 1585 3220 Syna
1604 3125 1696 3196 sunt

262 3265 327 3322 sex
355 3247 504 3320 montes
517 3235 543 3335 ⁶,
572 3245 638 3342 qui
665 3244 813 3321 laniunt
838 3246 980 3323 vellem
1007 3245 1199 3321 inlinitem
1226 3228 1487 3343 plenissimam
1514 3251 1557 3324 et
1584 3246 1700 3324 valde

261 3369 471 3468 pulchram.
492 3371 612 3444 Trans
634 3370 775 3447 vellem
802 3393 894 3458 ,vero
921 3371 1044 3468 ipsam
1071 3375 1233 3469 apparet
1259 3393 1369 3447 mons
1396 3375 1551 3448 sanctus
1579 3371 1697 3469 Syna.

261 3493 382 3569 Locus
409 3495 552 3586 nutem,
580 3493 648 3568 ubi
674 3515 716 3570 se
743 3495 892 3570 montes
921 3498 1111 3590 aperiunt,
1140 3495 1294 3571 iunctus
1320 3499 1380 3570 est
1407 3517 1495 3571 cum
1522 3517 1568 3570 eo
1595 3495 1697 3586 loco,

262 3619 328 3693 ubi
355 3622 447 3694 sunt
473 3617 680 3715 Sepulchra
716 3620 1049 3716 concupiscentiae.
1078 3619 1113 3694 A
1140 3620 1223 3695 loco
1251 3623 1381 3696 nutem
1408 3619 1509 3694 unde
1539 3619 1697 3696 videtur

261 3765 382 3840 usque
409 3741 458 3818 nd
477 3747 646 3819 montem
666 3742 769 3842 Syna
786 3746 878 3819 sunt
895 3766 963 3842 per
980 3744 1121 3821 vellem
1141 3745 1261 3840 ipsum
1279 3746 1447 3841 quatuor
1474 3744 1582 3819 milio
1608 3767 1698 3842 poe·

263 3889 387 3942 suum.
406 3865 526 3941 Vallis
544 3871 677 3942 nutem
695 3869 777 3965 ipsc
794 3867 929 3965 ingens
947 3869 1060 3944 valde
1081 3872 1151 3959 est,
1172 3869 1296 3944 iacens
1318 3868 1389 3943 snb
1408 3869 1567 3964 pedibus
1589 3891 1698 3944 mon·

262 3993 313 4067 tis
340 3991 423 4081 Dei,
451 4011 550 4087 quoe
576 3991 694 4068 hebet
713 3993 754 4068 in
771 3993 1052 4089 longitudinem
1070 4016 1206 4090 possus
1232 3993 1395 4070 sedecim
1422 3995 1543 4085 milio,
1571 3997 1612 4070 in
1639 3996 1698 4070 la·

262 4115 429 4191 titudine
456 4116 588 4192 cutem
624 4119 792 4214 quotuor
826 4117 946 4192 milio.
974 4117 1046 4206 Qui
1072 4119 1159 4194 vult
1190 4139 1280 4215 ergo
1317 4121 1488 4194 montem
1515 4122 1696 4194 sanctum

344 4428 355 4465 ¹
376 4427 474 4491 lions
495 4430 608 4494 dicitur
627 4429 748 4510 senar,
761 4449 850 4510 quem
870 4431 911 4494 cd
931 4431 1026 4494 imum
1037 4431 1121 4494 inter
1129 4432 1370 4514 septentrionem
1381 4439 1414 4494 et
1424 4431 1574 4495 orientem
1584 4433 1697 4496 civitas

263 4525 366 4589 Paron
386 4527 448 4590 rito
469 4536 545 4610 eret,
566 4529 606 4591 de
626 4551 687 4608 quo
705 4549 806 4592 sermo
825 4529 957 4592 hebetur
976 4531 1010 4592 in
1030 4531 1141 4611 Pereg.
1162 4551 1192 4611 p.
1213 4532 1262 4592 43.

343 4625 356 4664 ³
376 4627 493 4690 Anton.
513 4649 553 4690 m.
575 4649 601 4691 c.
622 4629 702 4691 XL:
715 4651 732 4688 c
746 4629 870 4692 Phnrun
889 4630 1058 4709 civitatem,
1078 4630 1112 4692 in
1132 4650 1192 4710 qne
1211 4631 1364 4711 pugnavit
1383 4631 1509 4712 Moyses
1529 4650 1598 4694 cnm
1609 4633 1700 4694 Amu-

264 4723 352 4786 lech:
373 4725 428 4786 ubi
448 4733 498 4788 est
517 4726 692 4805 oratorium,
713 4727 800 4790 cuine
821 4729 919 4790 ultore
939 4729 1076 4810 positum
1107 4736 1272 4811 estsuper
1302 4730 1424 4812 lepidos
1447 4731 1528 4808 illos,
1549 4751 1627 4810 quos
1648 4751 1700 4812 po·

267 4831 398 4886 ruerunt
417 4824 521 4906 Moysi
541 4825 652 4892 oranti.
673 4851 689 4886 s

345 4919 358 4958 ⁸
378 4919 467 4986 Idem
487 4923 684 4987 intervallum
703 4931 833 4988 notatur
851 4926 884 4988 in
897 4926 1026 5006 Peregr.
1040 4945 1071 5006 p.
1091 4929 1141 4989 44.

343 5021 358 5057 ⁴
376 5021 513 5084 Asoroth
544 5029 671 5102 propter
700 5025 837 5102 regionis
869 5023 1141 5091 conformationem
1171 5035 1204 5089 et
1233 5026 1273 5088 nd
1303 5027 1493 5110 Peregrinos
1525 5033 1699 5112 opinionem

266 5117 341 5180 mihi
360 5117 461 5184 fumeo
480 5121 605 5184 videtur
623 5141 685 5184 non
704 5123 796 5203 longo
816 5145 836 5185 c
854 5124 957 5186 Furor
977 5123 1073 5204 Synsi
1092 5143 1213 5204 versus,
1234 5123 1267 5185 id
1288 5132 1339 5187 est
1351 5126 1384 5188 in
1408 5131 1506 5210 Wadp
1519 5130 1617 5211 Soles.

345 5215 358 5253 ⁵
376 5217 415 5279 In
435 5217 615 5282 difficillimo
626 5220 749 5284 itineris
759 5221 901 5301 narsico,
915 5222 969 5301 qni
982 5222 1096 5284 dicitur
1108 5222 1260 5284 transitus
1274 5225 1369 5301 venti,
1384 5224 1467 5289 inter
1477 5247 1572 5308 rupee
1586 5227 1701 5308 locuto,

265 5313 351 5393 prius
371 5336 463 5395 quom
482 5319 595 5382 nullom
614 5319 729 5384 montis
749 5319 844 5400 Syrti
863 5320 1058 5401 ingredieris,
1079 5321 1229 5384 statuitur
1254 5322 1340 5384 locus
1363 5323 1539 5405 ‹Sepulcre
1558 5325 1700 5406 concupi·

268 5410 404 5476 recutite
426 5438 455 5478 ν.
475 5415 522 5478 Of.
544 5417 672 5498 Peregr.
694 5439 724 5498 p.
745 5417 785 5480 85
805 5425 838 5480 et
857 5421 906 5480 43.
1023 5452 1027 5461 ·

345 5509 440 5574 'Hic
458 5513 592 5576 nectitur
610 5515 706 5577 codex
735 5516 887 5579 arretinus
916 5517 1192 5599 Peregrinationis,
1213 5537 1304 5598 qoem
1332 5511 1389 5599 por
1413 5527 1534 5602 septem
1564 5521 1699 5602 pagine!

267 5612 388 5670 tontum
407 5610 521 5674 Petrus
540 5611 696 5676 Discerne
715 5621 923 5694 persequutus
943 5625 1000 5678 est.
