4622 6572
575 669 619 734 40
1071 691 1097 734 s.
1122 691 1255 736 srnvran
1278 692 1525 738 ransomuarro

600 908 640 982 ix
671 902 832 1004 possit¹z
857 932 955 1006 quae
982 914 1114 986 tamen
1141 911 1293 1008 singule
1320 913 1429 988 nobis
1458 913 1514 987 illi
1542 913 1665 988 sancti
1693 913 2028 990 demonstrabant.

512 933 627 1154 di
656 1034 851 1131 Completo
880 1058 969 1130 ergo
998 1036 1102 1110 omni
1126 1036 1324 1130 desiderio,
1353 1060 1429 1134 quo
1457 1029 2028 1138 festinaveramuslascendere,

575 1161 743 1255 cepimus
767 1163 905 1236 iamet
933 1163 1160 1238 descendere
1186 1165 1234 1238 ab
1263 1165 1345 1260 ipsa
1373 1165 1597 1240 summitate
1616 1165 1759 1240 montis
1778 1165 1861 1257 Dei,
1891 1166 1932 1239 in
1952 1189 2030 1262 qua

575 1286 876 1378 ascenderamus,
905 1287 946 1360 in
983 1288 1059 1361 alio
1096 1282 1264 1380 monte²,
1295 1289 1361 1383 qui
1394 1291 1429 1364 ei
1466 1291 1711 1386 prolonoatua
1733 1292 1801 1382 est,
1831 1291 1899 1385 qui
1923 1290 2028 1364 locus

576 1411 792 1507 appellatur
819 1413 859 1484 in
888 1411 1053 1488 Choreb:
1083 1413 1136 1486 ibi
1163 1413 1266 1488 enim
1302 1418 1362 1488 est
1399 1396 1706 1508 ecclesiaaaNam
1734 1415 1795 1488 hic
1824 1418 1886 1489 est
1922 1414 2028 1490 locus

576 1537 735 1627 Choreb,
757 1537 824 1610 ubi
842 1537 917 1610 fuit
932 1542 1086 1612 sanctus
1100 1538 1231 1612 Heliae
1246 1540 1443 1635 propheta,
1462 1543 1607 1636 quando
1627 1541 1728 1636 fugit
1746 1563 1769 1614 a
1784 1540 1881 1615 facie
1896 1540 2028 1631 Achab

575 1664 687 1759 regis,
708 1663 776 1736 ubi
794 1663 828 1736 ei
846 1664 998 1737 locutus
1018 1668 1076 1740 est
1094 1665 1196 1739 Deus
1217 1665 1363 1741 dicens:
1380 1671 1413 1716 -“
1434 1667 1525 1762 quid
1552 1669 1598 1739 tu
1626 1667 1688 1741 hic
1715 1666 1868 1741 Heliasl
1888 1723 1904 1754 ,
1929 1667 2029 1740 sicut

576 1790 761 1884 scriptum
780 1793 839 1863 est
856 1790 897 1861 in
925 1790 1031 1864 libris
1049 1813 1254 1886 regnorum
1267 1783 1292 1864 ³.
1314 1791 1415 1864 Nam
1434 1797 1474 1866 et
1494 1793 1686 1888 spelunca,
1708 1792 1774 1865 ubi
1802 1791 1922 1865 latuit
1941 1814 2028 1866 san-

577 1918 662 1989 ctus
689 1913 832 2006 Heliae,
862 1916 902 1987 in
930 1915 1044 1990 hodie
1071 1915 1125 1990 ibi
1153 1915 1369 1990 ostenditur
1397 1920 1488 1990 aute
1515 1917 1688 1991 hostium
1716 1917 1909 2007 ecclesiae,
1930 1936 2028 2012 quae

577 2040 631 2113 ibi
651 2043 710 2113 est
728 2035 755 2112 ⁴:
777 2040 995 2114 ostenditur
1011 2041 1129 2115 etiam
1148 2041 1201 2114 ihi
1221 2041 1404 2115 altarium
1418 2042 1625 2138 lapideum,
1649 2064 1763 2138 quem
1791 2043 1922 2138 posuit
1950 2041 2030 2136 ipse

578 2169 733 2241 sanctus
761 2165 891 2240 Helias
910 2165 958 2239 ad
978 2166 1212 2241 offerendum
1232 2167 1323 2258 Deo,
1343 2167 1442 2242 siout
1461 2169 1501 2241 et
1522 2166 1580 2240 illi
1602 2166 1726 2241 sancti
1744 2166 1897 2262 singula
1919 2165 2031 2240 nobis

579 2293 778 2368 ostendere
807 2263 1276 2388 dignabantussFecimus
1305 2315 1395 2388 ergo
1424 2296 1465 2367 et
1492 2294 1546 2367 ibi
1581 2293 1818 2367 oblationem
1858 2296 1899 2368 et
1943 2314 2029 2366 ora·

577 2419 724 2493 tionem
760 2419 1089 2514 impensissimam‚
1119 2422 1161 2493 et
1194 2421 1316 2494 lectus
1343 2422 1401 2495 est
1435 2420 1515 2515 ipse
1552 2420 1659 2494 locus
1688 2419 1735 2494 de
1764 2420 1866 2493 libro
1894 2439 2030 2514 regno·

578 2565 685 2616 rum:
714 2543 754 2617 id
781 2542 884 2616 enim
910 2544 1020 2618 nobis
1047 2544 1109 2618 vel
1138 2545 1302 2620 maxime
1331 2566 1376 2618 ea
1405 2544 1760 2619 desideraveramus
1791 2565 1954 2638 semper,
1986 2544 2032 2616 nt

580 2669 810 2764 ubicumque
837 2669 1084 2760 venissemus,
1104 2691 1251 2765 semper
1268 2669 1348 2764 ipse
1366 2670 1472 2744 locus
1495 2668 1542 2743 de
1563 2670 1662 2743 libro
1690 2631 2032 2780 legeretuAiFacta

578 2817 669 2890 ergo
689 2798 730 2869 et
747 2794 801 2868 ibi
820 2795 1027 2887 oblatione,
1057 2796 1281 2870 accessimus
1301 2795 1425 2869 denuo
1445 2795 1493 2870 ad
1514 2795 1636 2869 alium
1663 2794 1800 2886 locum,
1820 2815 1898 2868 non
1917 2793 2032 2889 longe

579 2921 668 2996 inde
692 2921 981 2996 ostendentibus
1008 2921 1227 3015 presbiteris
1246 2920 1308 2996 vel
1328 2921 1534 3006 monachis,
1571 2920 1611 2993 id
1635 2923 1694 2994 est
1715 2920 1764 2994 ad
1783 2942 1872 2994 oum
1891 2919 2032 3010 locum,

579 3045 646 3118 ubi
674 3047 838 3120 steterat
866 3047 1019 3119 sanctus
1046 3045 1177 3118 Aaron
1205 3067 1291 3119 cum
1319 3045 1573 3141 septuaginta
1594 3044 1820 3134 senioribus,
1840 3066 1928 3116 cum
1947 3065 2034 3117 san·

580 3173 665 3245 ctus
683 3171 833 3266 Moyses
860 3172 1047 3267 acciperet
1066 3195 1089 3244 a
1106 3172 1269 3246 Domino
1297 3173 1422 3267 legem
1441 3171 1490 3244 ad
1509 3171 1607 3246 filios
1624 3170 1743 3244 israel
1758 3163 1782 3244 ⁵.
1802 3169 1849 3242 In
1869 3191 1915 3244 eo
1934 3191 2027 3264 ergo

579 3296 675 3386 loce,
705 3295 796 3370 licet
824 3299 864 3371 et
890 3299 1037 3371 tectum
1064 3319 1141 3370 non
1169 3296 1231 3386 sit,
1251 3299 1382 3372 tamen
1412 3300 1529 3392 petra
1556 3295 1689 3390 ingens
1718 3297 1777 3370 est
1809 3317 1877 3390 per
1904 3295 2033 3390 girum

579 3422 724 3498 habens
760 3421 961 3520 planitiem
988 3444 1103 3518 supra
1130 3444 1182 3512 se,
1211 3423 1252 3494 in
1279 3445 1357 3516 qua
1394 3421 1549 3496 stetisse
1578 3421 1759 3495 dicuntur
1786 3419 1859 3514 ipsi
1885 3419 2032 3494 sancti:

662 3683 772 3748 ¹Bene
795 3681 929 3745 addidit:
953 3683 1056 3744 «inde
1076 3683 1267 3762 videbamus,
1288 3690 1324 3744 ut
1344 3683 1429 3746 credi
1450 3684 1502 3745 vix
1522 3683 1666 3764 possit».
1688 3681 1781 3745 Coelo
1795 3689 1901 3743 tamen
1916 3701 2027 3744 sereno

581 3801 599 3842 e
613 3800 732 3843 summo
746 3786 850 3841 monte
865 3801 889 3842 s.
902 3779 1088 3842 Gatharinae
1102 3801 1186 3843 mare
1199 3783 1325 3842 rubrum
1340 3789 1374 3843 et
1386 3782 1551 3861 Aegyptus
1562 3780 1698 3843 fortasse
1711 3786 1743 3842 et
1754 3800 1838 3840 mare
1850 3779 2032 3840 mediterra-

580 3899 673 3940 neum
686 3879 926 3958 prospiciuntur,
938 3880 966 3940 si
980 3878 1073 3940 fidem
1083 3881 1162 3959 ipsis
1174 3881 1332 3942 monachis
1347 3880 1379 3941 in
1393 3881 1460 3942 loco
1476 3879 1662 3958 degentibus
1674 3877 1877 3939 adhibeamus
1893 3877 2032 3957 (Sraonr,

587 3978 715 4055 Viappio
728 3980 760 4036 al
773 3985 872 4038 monte
887 3978 986 4055 Sinai,
1001 3978 1104 4039 Illust.
1115 3979 1154 4055 V,
1169 3999 1198 4056 p.
1214 3981 1282 4056 176,
1298 3979 1428 4040 Pirenze
1443 3980 1552 4060 1829),
1568 3977 1678 4056 quade
1691 3997 1725 4039 re
1742 3977 1836 4038 etiam
1848 3977 1967 4037 consuli
1981 3997 2034 4057 po-

581 4083 647 4137 test
657 4076 841 4151 Rosmsou,
856 4077 992 4136 Biblical
1005 4081 1191 4138 Reeaarcbcs
1206 4085 1239 4137 ia
1253 4081 1408 4139 Palestinae
1421 4079 1483 4140 vol.
1497 4079 1554 4156 Ip.
1569 4079 1628 4137 110
1640 4076 1701 4157 (ed.
1715 4076 1824 4155 1856):
1840 4081 1872 4136 et
1887 4074 2033 4152 Gnnnm,

581 4175 632 4234 La
653 4181 732 4233 teme
753 4178 861 4250 sainte,
886 4173 948 4233 vol.
969 4173 1013 4247 H,
1035 4194 1066 4252 p.
1085 4175 1154 4236 354.
1179 4174 1267 4236 Mare
1286 4181 1388 4236 autem
1409 4173 1632 4252 parthenicum,
1656 4171 1853 4262 (Παρθένικον
1877 4171 2032 4262 πέλαγος)

582 4271 651 4334 sive
670 4271 815 4350 Isiacnm,
837 4270 918 4348 quod
937 4271 1020 4330 inter
1040 4271 1200 4332 Pelusium
1221 4277 1253 4332 et
1273 4271 1492 4333 Alexandriam
1506 4269 1683 4350 porrigitur,
1707 4269 1878 4346 Gregorius
1900 4267 2031 4332 Nazian.

584 4369 670 4431 Orat.
691 4369 785 4448 XIX,
807 4375 839 4430 et
859 4368 1042 4430 Ammianus
1062 4368 1188 4430 Marcel.
1209 4369 1299 4446 XIV,
1321 4371 1356 4446 8,
1378 4369 1492 4447 XXII,
1516 4369 1553 4429 15
1574 4368 1743 4429 nominant.

663 4465 776 4526 lHaec
796 4466 892 4526 verba
911 4467 1048 4526 notanda
1068 4472 1159 4526 sunt:
1183 4465 1246 4526 ‹in
1266 4465 1326 4527 alio
1348 4473 1460 4544 monte,
1482 4465 1534 4543 qui
1556 4465 1585 4527 ei
1608 4465 1806 4545 proloncatus
1833 4461 1883 4524 est
1898 4486 1925 4524 a.
1948 4463 2031 4524 Nam

583 4564 720 4642 intelligi
739 4570 853 4643 potest,
875 4564 942 4625 sive
963 4570 1098 4624 montem
1119 4564 1221 4642 ipsum
1242 4564 1319 4625 duas
1339 4564 1460 4642 pinnas,
1481 4570 1516 4623 ut
1536 4583 1609 4626 vere
1630 4583 1717 4624 mons
1737 4561 1850 4622 Moisis
1868 4561 1939 4622 illas
1958 4561 2031 4640 fert,

585 4684 663 4742 quae
685 4664 780 4726 etiam
801 4663 887 4724 Sinai
909 4669 941 4724 et
961 4662 1068 4724 Horeb
1087 4671 1245 4740 vocantur,
1265 4662 1397 4724 habere:
1419 4662 1487 4726 sivo
1501 4663 1540 4722 de
1555 4663 1698 4739 transitu,
1713 4670 1749 4722 ut
1764 4667 1813 4723 est
1826 4660 2031 4740 probabiliore,

585 4770 726 4824 emonte
748 4784 773 4823 s.
795 4761 980 4823 Gatharinae
999 4762 1032 4822 in
1053 4761 1154 4840 alium,
1176 4761 1208 4822 in
1227 4762 1344 4839 Horeb,
1365 4781 1459 4840 quum
1481 4763 1569 4822 ambo
1590 4782 1686 4841 parvo
1707 4762 1788 4822 inter
1810 4781 1845 4824 se
1865 4759 2032 4822 intervallo

586 4860 797 4940 sejungantur,
818 4860 905 4920 utin
925 4866 1074 4939 perpetuo
1091 4859 1167 4939 jugo
1188 4859 1364 4939 prolongari
1382 4859 1558 4920 videantur.

666 4957 678 4992 ³
692 4956 881 5040 Regnorum,
906 4959 1074 5022 Basileios
1097 4957 1308 5036 Septuaginta,
1330 4957 1352 5016 1.
1367 4957 1429 5034 ΙΠ,
1443 4977 1468 5018 c.
1485 4959 1523 5018 19
1538 4977 1567 5018 v.
1582 4959 1610 5017 9.

666 5054 781 5116 ⁴Hunc
801 5075 898 5133 parva
919 5052 1050 5115 ecclesia
1064 5073 1105 5116 ss.
1121 5054 1233 5117 Heliae
1254 5061 1285 5116 et
1306 5055 1435 5116 Heliseo
1457 5055 1500 5116 ibi
1516 5055 1618 5116 dicata
1631 5061 1744 5132 manet,
1766 5062 1798 5114 et
1816 5054 1967 5133 spelunca
1985 5052 2033 5114 vi-

588 5152 684 5212 situr:
706 5173 795 5230 qnam
817 5152 990 5215 Antoninus
1012 5173 1051 5212 m.
1073 5160 1289 5214 commemorat
1309 5154 1329 5214 l.
1351 5173 1376 5214 c.
1401 5153 1472 5213 «Et
1493 5153 1688 5215 ascendimus
1707 5151 1741 5212 in
1761 5159 1864 5212 monte
1885 5151 2031 5212 continuo

587 5246 673 5307 milia
694 5249 762 5325 tria,
785 5255 817 5308 et
830 5249 970 5308 venimus
985 5247 1024 5307 ad
1040 5249 1226 5326 speluncam,
1241 5249 1294 5310 ubi
1309 5251 1510 5311 absconditus
1525 5249 1587 5310 suit
1600 5252 1709 5312 Helias
1730 5249 1891 5329 propheta,
1906 5247 2030 5324 quando

587 5343 763 5422 fugitante
784 5346 921 5406 Jezabel.
943 5347 1026 5405 Ante
1047 5346 1147 5424 ipsam
1168 5348 1345 5425 speluncam
1367 5350 1468 5426 surgit
1488 5349 1568 5426 fons,
1591 5350 1642 5427 qui
1659 5348 1768 5424 irrigat
1781 5355 1918 5408 montem
1933 5369 1961 5406 ›.
1984 5347 2032 5404 Ex

588 5439 637 5502 his
658 5442 764 5502 vorbis
785 5442 925 5520 ecclesia,
947 5442 986 5502 de
1007 5463 1066 5518 qua
1086 5443 1137 5502 hic
1157 5445 1270 5523 agitur,
1289 5453 1426 5524 tempore
1447 5447 1599 5506 Antonini
1619 5447 1778 5508 destructa
1788 5464 1858 5506 esse
1873 5443 2010 5504 videtur.
2059 5441 2064 5449 '

670 5537 681 5573 ⁵
696 5539 793 5600 Exod.
814 5560 840 5600 c.
862 5539 985 5615 XXIV,
999 5558 1028 5599 v.
1043 5540 1132 5600 9-14.
1147 5541 1248 5604 Locus
1263 5551 1354 5621 atque
1369 5544 1496 5606 traditio
1508 5544 1629 5622 jamdiu
1651 5544 1804 5606 oblivione
1820 5543 1934 5604 obruta
1948 5547 2032 5602 sunt.
