4622 6572
727 759 770 802 16
795 755 1030 804 1661611611
1055 757 1108 802 as.
1133 762 1234 803 sss-ass
1660 733 1700 798 Gl

258 985 443 1060 thesbites
462 985 699 1079 temporibus
721 981 851 1058 Achab
871 981 982 1074 regis,
1003 980 1155 1074 quando
1184 979 1296 1053 famis
1316 978 1402 1068 fuit,
1428 981 1469 1052 et
1496 979 1598 1051 iusso
1628 977 1699 1050 Dei

258 1111 364 1186 corvi
385 1132 510 1184 escam
538 1109 758 1204 portabant,
779 1111 819 1182 et
838 1107 884 1180 de
912 1128 956 1179 eo
976 1108 1148 1179 torrente
1168 1126 1309 1200 aquam
1328 1103 1495 1178 bibebat.
1517 1102 1618 1176 Nam
1637 1102 1699 1176 hio

257 1242 419 1328 terrene,
433 1259 544 1332 quem
562 1235 667 1310 vides
683 1235 728 1309 de
745 1236 827 1330 ipsa
846 1233 947 1309 valle
967 1233 1250 1328 percurrentem
1270 1231 1310 1303 in
1328 1229 1541 1319 Iordanem,
1562 1229 1623 1304 hic
1643 1233 1702 1302 est

258 1365 385 1438 Corra.
402 1363 456 1437 Ac
475 1362 527 1436 sic
546 1385 635 1456 ergo
663 1361 932 1435 nichilominus
952 1359 1031 1433 Deo
1051 1357 1196 1454 gratias
1216 1360 1386 1453 agentes
1406 1357 1472 1452 qui
1491 1357 1599 1430 nobis
1626 1378 1703 1429 non

257 1490 492 1566 merentibus
512 1487 662 1582 singula
690 1508 787 1582 quae
807 1485 1114 1560 desiderabamus
1133 1483 1366 1578 dignabatur
1385 1481 1600 1556 ostendere:
1625 1481 1702 1554 ita·

257 1636 331 1712 que
362 1636 451 1710 ergo
479 1614 536 1688 ire
564 1613 731 1710 cepimus
759 1613 834 1686 iter
860 1615 1048 1700 nostrum,
1078 1611 1177 1684 sicut
1205 1607 1364 1704 singulis
1390 1607 1534 1682 diebus
1565 1606 1620 1680 Ac
1649 1606 1702 1680 sic

257 1763 346 1836 ergo
374 1741 555 1814 facientes
583 1739 659 1812 iter
686 1737 843 1833 singulis
877 1737 1010 1810 diebus
1044 1736 1093 1809 ad
1128 1735 1255 1810 subito
1293 1735 1340 1809 de
1375 1734 1496 1808 latere
1531 1731 1700 1821 sinistro,

258 1867 358 1940 unde
385 1889 406 1940 e
434 1868 568 1940 contra
591 1867 719 1960 partos
738 1863 883 1938 Fenicis
902 1862 1137 1950 videbamus,
1159 1861 1339 1958 apparuit
1362 1859 1471 1934 nobis
1490 1849 1622 1933 mons¹
1645 1858 1704 1931 in·

257 2015 348 2088 gens
377 1993 417 2065 61
445 1991 548 2064 61166
576 1988 784 2081 infinitum,
814 1991 880 2084 qui
909 1987 1141 2062 tendebatur
1168 1987 1209 2060 in
1236 1987 1350 2084 longo

498 2241 612 2314 116166
637 2241 760 2331 foliam
788 2241 857 2312 6166
886 2241 974 2312 daec
997 2239 1158 2332 popellus
1186 2239 1345 2311 discissae
1371 2243 1460 2310 6661.

260 2481 264 2590 6
284 2481 298 2524 2

313 2491 378 2586 qui
405 2494 560 2566 sanctus
588 2493 796 2567 monachus
820 2493 1027 2568 virescitis
1047 2492 1352 2566 necessehabuit
1376 2494 1462 2588 post
1481 2493 1542 2564 tot
1568 2515 1699 2588 annos,

261 2616 398 2712 quibus
411 2615 568 2690 sedehat
586 2617 626 2690 in
645 2615 853 2707 heremum,
875 2639 1027 2693 movere
1048 2639 1098 2708 se,
1119 2621 1161 2690 et
1189 2616 1410 2692 descendere
1431 2617 1479 2690 ad
1503 2618 1701 2692 civitatem

258 2742 432 2834 Gorneas,
462 2746 508 2816 61
541 2747 799 2819 commoneret
826 2744 1042 2838 episcopum
1070 2744 1132 2818 vel
1168 2744 1322 2819 clericos
1349 2743 1531 2838 temporis
1568 2743 1699 2839 ipsius,

260 2867 369 2942 iuxta
384 2867 485 2963 quod
501 2869 535 2943 ei
551 2867 679 2944 fuerat
698 2869 926 2956 revelatum,
947 2872 993 2942 ut
1012 2868 1187 2942 foderent
1202 2869 1242 2941 in
1257 2891 1302 2942 eo
1317 2868 1411 2957 loco,
1432 2869 1498 2964 qui
1517 2868 1553 2942 61
1571 2867 1700 2943 fuerat

260 2997 446 3084 ostensus,
467 2994 566 3067 sicut
586 2997 627 3068 et
645 2993 790 3068 factum
810 2997 879 3068 est.
901 2993 971 3078 Qui
992 2993 1178 3068 fodientes
1198 2994 1237 3067 in
1257 3016 1301 3068 eo
1323 2993 1417 3084 loco,
1438 2994 1504 3088 qui
1524 2997 1699 3068 ostensus

260 3119 398 3210 fuerat,
415 3119 645 3193 invenerunt
664 3120 895 3216 speluncam,
916 3143 1032 3215 quam
1050 3124 1252 3216 sequentes
1272 3119 1431 3193 fuerunt
1454 3118 1616 3194 forsitan
1632 3143 1701 3217 per

257 3242 390 3340 passus
415 3246 580 3335 centurn,
602 3267 677 3340 quo
698 3246 739 3318 61
758 3245 885 3319 subito
906 3246 1138 3321 fodientibus
1158 3247 1234 3319 illis
1254 3245 1435 3342 adparuit
1453 3246 1562 3342 lapis:
1585 3269 1700 3342 quem

255 3369 422 3468 lapidem
443 3391 527 3443 oum
549 3369 947 3466 perdiscopeluissent,
964 3371 1194 3448 invenerunt
1220 3371 1410 3466 sculptum
1438 3371 1479 3444 in
1499 3372 1699 3466 coperculo

257 3651 341 3743 ditus
363 3659 413 3713 est
433 3653 535 3730 Elias,
552 3675 568 3715 e
583 3655 708 3734 regione
726 3655 863 3717 eiusdem
874 3655 1008 3717 fluminis
1028 3680 1055 3716 ».
1072 3657 1174 3748 Χοράτ
1186 3657 1359 3736 6666116161
1370 3659 1407 3718 ab
1419 3657 1590 3736 Epiphanio
1605 3657 1701 3738 (Adv.

256 3753 387 3815 Haeres.
402 3755 422 3814 l.
437 3755 481 3830 Π,
497 3775 526 3832 p.
539 3757 607 3830 593,
619 3755 669 3817 ed.
683 3755 830 3834 Patavii).
845 3756 1006 3817 Neminem
1021 3756 1138 3836 fugerit
1151 3775 1278 3834 gravem
1293 3755 1505 3817 difficultatem
1519 3754 1570 3817 1116
1585 3753 1699 3817 subire.

257 3851 290 3912 Si
305 3871 468 3930 sequamur
488 3855 665 3932 Eusebium,
689 3855 804 3916 Charra
825 3863 911 3918 11666
937 3855 1100 3917 Iordanem
1125 3855 1368 3934 6666161666ςεί
1388 3854 1598 3934 Peregrinam,
1621 3853 1702 3916 citra

257 3949 430 4012 Iordanem.
451 3951 512 4012 Illa
526 3953 607 4013 66161
621 3973 712 4014 66666
725 3952 868 4013 Iordanis
883 3953 981 4032 ripam
995 3953 1155 4014 ambulans
1170 3951 1413 4030 septentrionem
1427 3971 1536 4014 versus
1552 3951 1592 4012 ad
1612 3971 1700 4013 66616

255 4047 375 4108 1661661
395 4056 515 4127 6611661
536 4049 617 4110 vidit
637 4049 750 4112 vallem
771 4057 863 4128 atque
884 4056 1063 4126 torrentem,
1084 4071 1162 4129 quae
1182 4049 1288 4129 procul
1310 4049 1402 4110 dubio
1425 4050 1487 4110 sita
1509 4057 1597 4110 erant
1617 4049 1701 4110 inter

257 4145 352 4207 Salim
374 4155 406 4208 et
420 4147 640 4226 Scythopolim.
655 4147 705 4208 Ad
727 4148 841 4209 nodum
855 4148 1079 4228 expediendum
1096 4157 1265 4227 opportune
1279 4147 1450 4210 intervenit
1470 4148 1632 4226 Iosephus,
1648 4149 1701 4226 qui

258 4245 335 4306 dicit
356 4246 441 4324 (Ant.
456 4247 476 4306 1.
491 4247 581 4320 XIV,
596 4266 623 4306 6.
638 4249 656 4306 6
665 4269 672 4324 3
690 4247 738 4308 De
752 4247 834 4308 bello
849 4247 875 4322 1,
890 4267 956 4327 666.
972 4249 1009 4308 5:
1023 4246 1062 4308 of.
1079 4246 1245 4308 Oellarium
1261 4246 1375 4324 Geogr.
1389 4245 1434 4322 II,
1450 4267 1480 4324 p.
1501 4247 1590 4326 461):
1611 4247 1701 4307 Pom.

257 4342 359 4422 poium
379 4345 547 4422 praeterita
567 4344 657 4404 Pella
677 4351 709 4404 61
730 4343 909 4422 Scythopoli
927 4345 1107 4424 pervenisse
1129 4344 1253 4421 Ooreas,
1268 4345 1321 4404 ubi
1341 4343 1483 4406 tendenti
1504 4345 1536 4406 in
1557 4345 1701 4408 mediter-

257 4461 350 4502 renea
369 4441 503 4502 Iudaeae
526 4449 575 4502 est
595 4442 728 4503 initium.
750 4443 829 4502 Nam
856 4443 1033 4521 Pompeius,
1060 4444 1223 4505 Iordanem
1244 4464 1304 4504 666
1330 4449 1591 4522 praetergressus,
1621 4445 1700 4506 actis

256 4540 348 4601 rebus
369 4539 449 4600 circa
468 4539 696 4601 Alexandream
718 4542 887 4618 castellum,
908 4541 1065 4620 profectus
1081 4543 1112 4602 16
1125 4549 1263 4603 austrum
1277 4550 1380 4604 666116
1399 4544 1504 4621 666611
1523 4541 1605 4622 apud
1625 4543 1701 4606 Hie·

256 4637 436 4699 richantem.
459 4638 560 4710 Quare
582 4659 620 4700 ex
640 4639 767 4718 Iosephi
795 4641 899 4702 verbis
920 4641 1054 4700 narratio
1081 4641 1270 4718 Peregrinae
1300 4642 1528 4703 excusationem
1550 4643 1700 4706 adversus

256 4737 426 4797 Eusebium
446 4738 585 4816 suscipit,
601 4746 632 4797 et
647 4737 901 4816 declarationem
916 4747 1078 4817 praeterea
1094 4739 1121 4800 si
1137 4739 1261 4816 Charra,
1277 4741 1406 4802 mittens
1424 4761 1458 4802 se
1479 4741 1510 4800 16
1524 4741 1699 4809 Iordanem,

257 4851 352 4910 prope
374 4833 585 4912 Scythopolim
605 4833 730 4910 fluebat,
752 4835 843 4897 facila
864 4837 954 4897 nobis
976 4836 1113 4898 6666116
1135 4839 1231 4896 Jalud
1251 4835 1378 4898 flumine
1401 4835 1478 4897 illud
1500 4857 1678 4916 agnoscere.

339 4933 521 5012 ¹Portasso,
543 4955 611 4995 cum
631 4935 803 5013 Peregrina
822 4935 997 4997 Phoenices
1021 4943 1127 5015 partes
1152 4943 1259 4996 666116
1287 4934 1417 5014 videret,
1439 4957 1526 4999 mons
1547 4937 1649 4998 Tabor
1670 4936 1699 4998 ei

257 5035 408 5112 apparuit,
429 5055 518 5111 quem
540 5033 755 5096 sinistrorsum
776 5035 909 5114 reliquit.

336 5131 504 5210 ²Deperiit
525 5131 648 5210 quidem
669 5139 796 5211 propter
816 5133 883 5193 eius
904 5132 972 5192 folii
1000 5133 1221 5194 abscissionem
1247 5134 1415 5212 descriptio
1440 5133 1699 5212 peregrinationis

258 5231 423 5290 atransitn
437 5231 580 5291 Iordanis
594 5251 689 5309 prope
704 5250 787 5291 mare
802 5231 976 5292 Tiberiadis
992 5251 1088 5309 usque
1103 5231 1143 5292 ad
1158 5232 1333 5293 Garnaeam.
1352 5234 1421 5294 Hoc
1435 5239 1555 5293 tantum
1574 5232 1697 5309 scimus,

256 5327 457 5405 Peregrinam
472 5327 512 5387 ad
527 5328 688 5388 civitatem
702 5327 868 5390 Garnaeam
888 5329 1078 5407 pervenisse,
1101 5331 1190 5406 eique
1208 5330 1385 5408 episcopum
1399 5350 1532 5405 narrare,
1547 5329 1698 5408 quomodo

255 5425 416 5486 inventum
436 5425 531 5486 fuerit
552 5425 726 5504 sepulerum
746 5427 812 5487 Iob.
834 5428 948 5488 Veram
970 5427 1008 5488 de
1030 5447 1155 5506 corpore
1176 5435 1209 5488 et
1229 5429 1370 5506 sepulcro
1389 5427 1447 5488 Iob
1467 5429 1567 5489 omnia
1581 5429 1700 5489 incerta

257 5530 341 5584 sunt:
363 5524 545 5586 credebatur
567 5525 639 5585 olim
661 5525 728 5586 6166
750 5545 860 5604 661666
881 5546 942 5590 666
962 5547 1030 5586 6616
1051 5526 1182 5603 11666616
1204 5527 1320 5588 Tobiae
1340 5536 1372 5587 et
1386 5527 1479 5588 Sarae
1492 5527 1625 5607 primum
1639 5526 1699 5586 Ro-

256 5640 344 5700 mam,
366 5621 478 5684 deinde
500 5623 599 5683 Roma
619 5623 769 5703 Ticinum,
790 5623 889 5686 fuisse
911 5623 1038 5686 allatum
1061 5625 1214 5704 (Bolland.
1237 5646 1276 5686 m.
1298 5626 1399 5688 Maius
1420 5627 1447 5702 I,
1468 5649 1538 5708 pag.
1560 5627 1698 5707 XXVI).
