4604 6560
607 719 669 788 120
1192 735 1291 783 rnrnr
1315 731 1451 782 urroout

602 984 690 1036 mox
718 964 826 1036 totus
854 961 1016 1056 populus
1036 983 1187 1033 summa
1204 960 1452 1035 veneratione
1470 959 1679 1048 salutabat,
1709 960 1750 1033 et
1778 955 2038 1033 osculabatur:

601 1085 928 1170 habebatautem
955 1085 1206 1181 longitudinis
1236 1073 1321 1160 octo
1348 1085 1475 1181 pedes.

681 1212 827 1305 (Aaou.)
844 1211 1049 1286 Sudarium
1068 1234 1171 1302 vero,
1192 1234 1278 1286 ounr
1298 1234 1373 1306 quo
1394 1211 1565 1285 Christus
1585 1209 1721 1286 faciem
1740 1233 1850 1284 suam
1869 1207 2040 1298 extersit,

601 1339 703 1435 quod
731 1339 779 1414 ab
808 1337 892 1412 aliis
911 1329 1139 1434 Veronycal
1169 1337 1320 1427 dicitur,
1337 1340 1509 1433 tempore
1537 1337 1679 1412 Tiberii
1705 1336 1868 1410 caesaris
1895 1334 2039 1408 Romae

600 1464 772 1540 delatum
800 1467 869 1539 est.
899 1463 1058 1538 Arundo
1083 1485 1188 1554 vero,
1209 1485 1296 1538 oum
1316 1485 1392 1558 qua
1411 1465 1527 1558 caput
1546 1464 1627 1538 eius
1654 1483 1874 1559 percussum
1902 1464 1973 1550 est,
2002 1465 2042 1536 et

600 1591 773 1666 sandalia
801 1592 894 1680 eius,
925 1593 966 1665 et
993 1591 1088 1681 lora,
1110 1613 1196 1665 cum
1216 1590 1354 1686 quibus
1374 1588 1517 1684 ligatus
1536 1593 1607 1678 est,
1628 1592 1669 1663 et
1695 1588 1931 1663 circumcisio
1960 1587 2041 1663 eius

600 1719 642 1792 in
668 1717 824 1792 basilica
852 1705 1164 1792 constantiniana
1191 1716 1335 1791 Romae
1363 1715 1635 1790 venerabiliter
1661 1716 1917 1788 honorantur.

681 1842 740 1933 (Β.
759 1866 787 1916 c.
808 1843 833 1914 Ι
839 1842 883 1933 V)
913 1842 1030 1915 Aliud
1058 1864 1209 1937 quoque
1237 1842 1436 1936 aliquanto
1468 1838 1592 1912 maius
1623 1840 1787 1914 linteum
1815 1840 1857 1912 in
1885 1839 2043 1914 ecclesia

600 1970 818 2059 veneratur,
849 1969 950 2062 quod
978 1968 1104 2041 fertur
1123 1990 1146 2040 a
1166 1970 1299 2042 sancta
1317 1966 1440 2040 Maria
1460 1967 1694 2056 contextum,
1723 1965 1924 2040 duodecim
1952 1987 2040 2060 apo-

600 2093 788 2168 stolorum
815 2097 856 2169 et
882 2093 1001 2189 ipsius
1029 2093 1185 2167 Domini
1212 2092 1410 2167 continens
1443 2092 1639 2188 imagines,
1669 2113 1745 2165 uno
1772 2092 1896 2166 latere
1925 2090 2041 2164 rubro

599 2222 640 2293 et
667 2220 791 2294 altero
819 2219 946 2295 viridi.
1269 2197 1275 2212 ’

680 2346 740 2437 (Β.
757 2369 786 2419 c.
810 2346 856 2437 V)
877 2345 984 2420 Circa
1002 2346 1267 2452 Ierusolimam
1287 2367 1422 2442 aspera
1441 2349 1481 2421 et
1501 2347 1704 2419 montuosa
1723 2347 1932 2418 comuntur
1945 2342 2041 2418 loca.

598 2471 696 2546 Hinc
723 2494 874 2567 quoque
902 2473 1202 2566 septentrionem
1226 2475 1358 2547 versus
1379 2494 1498 2568 usque
1526 2472 1576 2545 ad
1603 2470 1869 2544 Arimatheam
1896 2472 2044 2543 terram

598 2599 753 2692 petrosa
780 2599 820 2670 et
848 2618 982 2692 aspera
1008 2619 1076 2694 per
1095 2597 1301 2672 intervalla
1319 2597 1606 2670 monstrantur:
1635 2595 1756 2670 valles
1784 2615 1938 2690 quoque
1967 2593 2041 2689 spi·

598 2743 715 2795 nosae
741 2742 863 2816 usquo
901 2722 949 2794 ad
987 2721 1247 2819 Thainnycam
1284 2722 1477 2818 regionem
1516 2723 1704 2817 patentes
1743 2718 1802 2792 Ad
1841 2717 2043 2793 Cesaream

599 2868 690 2921 vero
719 2845 938 2921 Palestinae
967 2848 1015 2921 ab
1040 2847 1261 2938 Ierusalem,
1281 2847 1456 2943 quamvis
1476 2846 1606 2942 aliqua
1625 2844 1893 2942 repperiantur
1921 2865 2041 2939 angu·
2115 2875 2117 2880 ·

599 2975 661 3046 sta
689 2975 729 3046 et
749 2973 881 3047 brevia
900 2995 1033 3069 aspera
1060 2975 1155 3064 loca,
1176 2973 1353 3069 precipue
1372 2977 1503 3046 tamen
1523 2971 1702 3067 planities
1721 2987 1955 3065 camporum,
1984 2970 2042 3042 in·

598 3097 794 3193 terpositis
832 3098 995 3189 olivetis,
1034 3099 1181 3172 distant
1208 3102 1341 3173 autem
1369 3097 1618 3195 septuaginta
1645 3097 1814 3170 millibus
1847 3118 2041 3191 passuum.

598 3222 815 3319 Longitudo
844 3245 935 3299 vero
962 3227 1090 3298 terrae
1116 3225 1418 3320 repromissionis
1436 3247 1460 3298 a
1478 3223 1565 3296 Dan
1583 3243 1704 3318 usque
1725 3222 1937 3296 Bersabeae
1954 3223 2041 3295 ten·

599 3348 705 3423 ditur
731 3350 856 3445 spatio
885 3353 1039 3424 centum
1067 3350 1267 3446 sexaginta
1299 3352 1467 3446 quinque
1495 3349 1666 3422 milium:
1695 3349 1744 3422 ab
1772 3348 1889 3444 Ioppe
1917 3371 2038 3443 usque

598 3473 775 3549 Bethlem
803 3476 1060 3573 quadraginta
1087 3500 1153 3553 sex
1181 3477 1346 3551 milibus.
1376 3475 1492 3550 quta
1510 3499 1665 3549 murum
1683 3475 1818 3571 templi
1845 3475 1909 3549 vel
1936 3474 2042 3548 Ieru-

598 3602 717 3677 salem
746 3603 794 3676 ab
827 3604 975 3677 oriente
1009 3603 1191 3678 Geennon
1228 3603 1405 3694 occurrit,
1435 3625 1534 3698 quae
1572 3605 1631 3676 est
1658 3600 1770 3676 vallis
1807 3600 2043 3696 Iosaphata

599 3729 898 3824 septentrionale
926 3729 1038 3824 plaga
1066 3729 1107 3802 in
1135 3731 1311 3802 austrum
1339 3732 1526 3825 porrecta,
1555 3750 1622 3824 per
1650 3750 1766 3822 quam
1795 3729 1945 3800 torrens
1974 3724 2042 3800 Co·

599 3854 707 3943 dron,
736 3853 948 3948 siquando
977 3854 1196 3949 pluviarum
1225 3878 1365 3950 aquam
1398 3852 1544 3950 recipit,
1575 3852 1755 3927 decurrit.
1785 3853 1890 3927 Haeo
1916 3850 2042 3929 vallis.

599 3981 640 4053 et
657 4002 777 4075 parva
796 3979 920 4076 campi
937 3979 1116 4075 planities
1135 3980 1280 4076 irrigua
1300 3983 1340 4054 et
1358 4001 1572 4071 nemorosa,
1592 3979 1783 4075 plenaque
1807 3977 1950 4052 deliciis
1970 3979 2044 4052 ost

599 4104 645 4176 In
672 4104 744 4178 hac
770 4104 888 4178 turris
908 4108 968 4178 est
987 4106 1086 4201 regis
1106 4106 1300 4201 Iosophat,
1321 4107 1563 4201 sepulchrum
1583 4104 1665 4179 cius
1684 4105 1902 4178 continens:
1931 4102 2042 4176 cuius

599 4229 649 4302 ad
677 4229 873 4304 dexteram
902 4230 948 4305 de
966 4252 1060 4327 rupe
1080 4231 1222 4304 montis
1243 4229 1384 4305 Oliveti
1403 4231 1528 4305 excisa
1547 4233 1587 4304 et
1606 4233 1784 4326 separata
1811 4229 1946 4303 domus
1965 4226 2043 4302 duo

599 4358 737 4429 cavata
764 4355 883 4430 habet
901 4357 1112 4452 sepulchra,
1133 4357 1204 4430 hoc
1224 4359 1283 4430 est
1303 4355 1502 4453 Symeonis
1522 4356 1634 4445 senis,
1655 4359 1696 4430 et
1723 4355 1859 4450 Ioseph
1886 4357 2043 4427 sanctae

598 4481 743 4556 Mariae
757 4483 896 4576 sponsi.
916 4481 963 4554 ln
983 4482 1115 4556 eadem
1135 4483 1247 4571 valle,
1269 4484 1423 4556 sanotae
1444 4482 1589 4556 Mariae
1607 4481 1776 4555 rotunda
1794 4484 1853 4554 est
1871 4478 2042 4569 ecclesia,

598 4607 748 4702 lapideo
777 4608 955 4682 tabulato
989 4608 1163 4698 discreta,
1195 4609 1302 4682 cuius
1331 4609 1370 4680 in
1399 4607 1658 4704 superioribus
1694 4609 1861 4703 quatuor
1888 4605 2042 4694 altaria,

599 4732 640 4805 in
667 4733 911 4808 inferioribus
933 4758 1054 4808 unum
1072 4734 1239 4808 habetur
1258 4737 1298 4807 in
1319 4735 1500 4817 orientali
1519 4735 1654 4830 plaga:
1676 4737 1716 4806 et
1734 4732 1882 4806 adeius
1911 4731 2043 4804 dexte·

599 4881 683 4930 ram
710 4862 1002 4934 monumentum
1021 4882 1198 4950 vacuum,
1223 4859 1359 4955 inquo
1382 4863 1516 4934 sancta
1544 4859 1667 4933 Maria
1695 4856 1921 4953 aliquandiu
1948 4878 2044 4951 pau·

521 4979 525 4986 '
600 5004 703 5058 sasso
730 4983 882 5058 dicitur.
910 4985 1019 5060 Hanc
1038 4987 1231 5061 intrantes
1249 4984 1383 5060 vident
1404 4985 1453 5058 ad
1473 4985 1672 5060 dexteram
1690 4984 1874 5058 insertam
1903 4980 2044 5078 parieti

682 5291 691 5329 ¹
714 5295 910 5359 Omniahaeo
931 5318 947 5358 e
969 5299 1185 5378 superstitioso
1207 5307 1410 5380 corruptoque
1432 5297 1667 5360 rivulodefluxa
1681 5316 1752 5358 esse
1766 5295 1921 5373 videntur,
1936 5314 2038 5372 quam·

601 5409 690 5472 quam
710 5395 744 5456 id
763 5416 813 5457 me
832 5416 893 5458 non
913 5396 1000 5475 latet,
1020 5399 1102 5475 quod
1122 5398 1163 5460 de
1184 5397 1308 5460 sudario
1329 5399 1455 5459 Domini
1470 5399 1596 5477 eiusque
1610 5403 1770 5460 vetustate
1784 5395 1941 5476 profertur
1954 5394 2039 5476 (Bol-

601 5491 683 5554 land.
706 5495 736 5554 S.
758 5495 922 5572 Veronica,
943 5498 964 5556 4
983 5497 1099 5576 Faba).
