4622 6572
757 729 801 776 an
825 727 911 776 noca
935 729 1062 775 sarcre
1085 729 1140 774 an.
1165 733 1266 776 scs-ms
1691 711 1734 775 43

287 950 328 1022 et
355 947 466 1023 illum
497 946 636 1036 locum,
666 946 733 1020 ubi
761 945 814 1020 eis
844 946 945 1041 pluit
973 969 1125 1037 manna,
1156 949 1197 1021 et
1223 946 1447 1021 coturnices.
1476 945 1532 1021 Ac
1559 947 1613 1020 sic
1641 968 1732 1042 ergo

287 1073 448 1166 singula,
477 1093 575 1166 qnae
602 1071 744 1167 scripta
771 1074 863 1144 suut
890 1071 930 1145 in
961 1071 1069 1144 libris
1088 1071 1230 1144 sanctis
1258 1071 1382 1166 Moysi
1416 1072 1519 1146 facta
1547 1072 1665 1146 fuisse
1694 1071 1735 1144 in

287 1220 331 1271 eo
362 1197 457 1286 loco,
491 1196 530 1270 id
562 1199 621 1271 est
653 1196 694 1268 in
725 1218 771 1270 ea
804 1197 918 1286 valle,
939 1219 1056 1291 quam
1088 1197 1165 1270 dixi
1199 1197 1394 1271 subiacere
1427 1197 1550 1271 monti
1579 1197 1662 1286 Dei,
1691 1195 1731 1269 id

286 1325 346 1397 est
373 1323 504 1395 sancto
534 1319 648 1416 Syna,
680 1323 833 1396 ostensa
861 1324 953 1394 sunt
980 1322 1106 1394 nobis:
1135 1344 1234 1417 quae
1262 1321 1416 1417 quidem
1445 1323 1573 1396 omnia
1601 1323 1731 1416 singu·

286 1447 398 1520 latim
435 1446 597 1520 scribere
636 1446 729 1520 satis
761 1446 848 1537 fuit,
878 1447 969 1543 quia
1001 1469 1070 1522 nec
1106 1449 1272 1523 retinere
1303 1450 1484 1543 poterant
1511 1450 1635 1538 tanta,
1666 1447 1733 1520 sed

288 1595 374 1647 cum
401 1575 504 1668 leget
531 1573 681 1648 affectio
709 1576 838 1648 vestra
861 1573 914 1646 lib
937 1595 977 1646 os
1006 1577 1157 1648 sanctos
1188 1574 1323 1672 Moysi,
1353 1575 1481 1649 omnia
1511 1573 1733 1669 diligentius

288 1696 475 1792 providet,
496 1719 595 1792 quae
609 1696 662 1770 ibi
691 1696 794 1770 facta
821 1598 1056 1786 sunclflaec
1085 1699 1144 1772 est
1171 1719 1261 1792 ergo
1288 1698 1412 1788 vallis,
1443 1699 1510 1771 ubi
1538 1698 1732 1772 celebrata

289 1825 348 1897 est
367 1821 518 1918 pascha,
552 1823 740 1918 completo
777 1845 877 1896 anno
915 1821 1160 1916 profectionis
1192 1822 1359 1908 liliorum
1395 1822 1515 1896 Israel
1548 1823 1594 1896 de
1627 1825 1734 1896 terra

289 1949 442 2045 Egypti,
472 1947 653 2043 qnoniam
686 1948 725 2020 in
754 1949 835 2043 ipsa
867 1949 968 2023 valle
1000 1947 1120 2032 Israel
1139 1950 1364 2023 commorati
1383 1952 1474 2023 sunt
1493 1949 1730 2044 aliquandiu,

289 2073 425 2164 idest,
463 2073 581 2147 donec
608 2076 762 2146 sanctus
789 2071 940 2168 Moyses
968 2073 1188 2147 ascenderet
1217 2076 1256 2146 in
1290 2077 1460 2148 montem
1487 2073 1570 2165 Dei,
1599 2077 1639 2147 et
1668 2073 1731 2147 de-

289 2198 489 2274 scenderet
514 2200 681 2294 primum
700 2202 740 2273 et
762 2197 903 2271 iterato
919 2201 959 2273 et
978 2199 1124 2287 denuo;
1158 2198 1294 2272 tandiu
1323 2199 1376 2273 ibi
1404 2199 1598 2272 immorati
1626 2201 1731 2289 sunt,

289 2325 408 2398 donec
435 2324 601 2418 primum
620 2323 729 2397 fieret
756 2324 1060 2414 tabernaculum,
1091 2326 1130 2397 et
1157 2323 1320 2420 singula,
1341 2327 1606 2420 quaeostensa
1639 2325 1732 2398 sunt

289 2449 330 2523 in
349 2452 520 2523 montem
548 2448 630 2522 Dei.
650 2449 750 2522 Nam
769 2451 944 2523 ostensus
972 2452 1030 2523 est
1059 2449 1167 2522 nobis
1196 2451 1237 2522 et
1263 2449 1328 2523 ille
1354 2425 1499 2538 locus,
1489 2473 1529 2521 rn
1548 2470 1622 2543 quo
1643 2470 1731 2522 con-

289 2574 407 2648 fixum
434 2595 516 2647 mos
544 2577 644 2656 esset
671 2573 974 2660 tabernaculum,
996 2573 1224 2669 etperfecta
1242 2574 1509 2694 suntsingula‚
1530 2595 1629 2668 quae
1652 2573 1730 2646 ius·

290 2702 393 2774 serat
412 2699 542 2774 Deus
533 2723 573 2772 1n
595 2701 766 2774 montem
785 2697 919 2796 Moysi,
936 2700 981 2771 ut
1000 2663 1397 2800 ᾒθνθηωῖἰᾶὶωυεῦ
1357 2702 1397 2773 et
1399 2699 1476 2771 iam
1500 2699 1540 2772 in
1555 2703 1735 2773 extrema

289 2826 367 2898 iam
395 2825 539 2899 valle
529 2847 612 2921 rpsa
646 2825 848 2898 memorias
880 2823 1228 2920 concupiscentiae;
1262 2824 1302 2897 in
1335 2825 1734 2915 eoautemlocO,1n

289 2973 366 3046 quo
395 2950 519 3024 denuo
547 2951 691 3025 reversi
719 2971 854 3023 sumus
882 2949 931 3022 ad
958 2949 1034 3022 iter
1060 2951 1251 3039 nostrum,
1270 2950 1342 3023 hoc
1370 2951 1429 3022 est
1459 2949 1524 3021 ubi
1552 2952 1735 3024 exeuntes

290 3075 336 3149 de
364 3076 465 3150 valle
493 3076 560 3149 illa
587 3075 742 3170 grande,
772 3075 975 3170 reingressi
1003 3097 1134 3148 sumus
1161 3076 1238 3164 via,
1268 3098 1345 3170 qua
1374 3097 1613 3160 veneramus,
1634 3077 1736 3149 inter

290 3204 442 3274 montes
470 3200 568 3292 illae,
598 3223 693 3295 quos
721 3199 894 3294 superius
922 3199 1092 3274 dixeram
1111 3191 1132 3272 ¹.
1161 3199 1261 3272 Nam
1285 3200 1404 3274 etiam
1423 3199 1505 3294 ipsa
1525 3200 1585 3274 die
1611 3223 1731 3276 acces·

292 3326 409 3400 simus
428 3329 469 3399 et
487 3324 536 3398 ad
554 3329 699 3399 ceteros
728 3325 932 3399 monachos
960 3326 1072 3399 valde
1100 3328 1262 3417 sanctos,
1293 3326 1359 3420 qui
1376 3328 1507 3399 tamen
1536 3330 1735 3420 perstate

292 3454 362 3524 aut
390 3451 653 3526 imbecillitate
672 3472 868 3524 occurrere
887 3451 927 3522 in
946 3454 1078 3525 munte
1107 3451 1167 3524 dei
1186 3450 1235 3523 ad
1263 3451 1500 3524 oblationem
1519 3451 1734 3525 faciendam

291 3598 370 3650 non
405 3579 605 3671 poterant:
639 3577 705 3671 qui
737 3579 868 3650 tamen
898 3598 968 3650 nos
1006 3576 1155 3671 dignati
1187 3579 1278 3648 suut
1309 3577 1349 3649 in
1382 3577 1625 3651 monasteriis
1655 3577 1735 3650 suis

293 3702 538 3777 advenientes
565 3701 677 3777 valde
706 3703 871 3776 humane
899 3671 1180 3814 suscipereIJAc
1199 3702 1251 3776 sic
1271 3723 1362 3797 ergo
1380 3702 1463 3776 visa
1486 3703 1570 3776 loca
1598 3707 1732 3777 sancta

295 3827 435 3917 omnia,
474 3849 572 3922 quac
604 3827 915 3917 desideravimus
944 3849 1013 3902 nec
1039 3849 1117 3900 non
1139 3827 1257 3902 etiam
1290 3829 1330 3900 et
1362 3828 1489 3900 omnia
1517 3827 1611 3918 loca,
1634 3849 1733 3924 quae

292 3952 362 4026 filii
389 3952 509 4026 Israel
495 3954 604 4028 ltte
606 3954 756 4048 igerant
783 3954 908 4028 eundo
936 3954 997 4028 vel
1024 3953 1217 4027 redeundo
1246 3952 1294 4024 ad
1322 3942 1492 4028 montem
1519 3952 1610 4028 Del:
1641 3953 1733 4029 visis

292 4079 410 4152 etiam
438 4081 479 4152 et
505 4082 614 4152 sanct
616 4079 647 4150 is
674 4078 779 4169 viris,
826 4079 939 4152 uiibi
966 4077 1343 4166 commorabantur,
1333 4102 1374 4150 rn
1393 4077 1546 4152 nomine
1573 4078 1644 4152 Dei
1672 4099 1729 4154 re·

291 4204 409 4298 gressi
436 4225 567 4278 sumus
585 4203 626 4276 in
646 4203 770 4278 Faran
870 4203 1004 4278 tlicet
1031 4224 1178 4299 semper
1206 4203 1323 4276 Deo
1314 4227 1354 4275 m
1382 4202 1556 4286 omnibus
1585 4203 1730 4296 gratias

372 4481 478 4545 ¹Vide
500 4482 642 4563 superius
662 4481 751 4542 initio
772 4480 939 4560 fragmenti
959 4480 1051 4542 huius
1071 4479 1340 4560 peregrinationis.
1362 4479 1535 4559 Transitus,
1550 4480 1603 4559 qui
1619 4477 1735 4542 descri-

291 4585 384 4662 bitur,
405 4582 498 4644 hodie
518 4589 648 4644 vocatur
667 4583 965 4642 Nukb-el-Haouua
987 4580 1157 4661 (transitus
1185 4579 1302 4660 venti).
1330 4580 1382 4641 Ita
1401 4579 1549 4657 summ,
1578 4582 1628 4639 La
1656 4587 1735 4640 lem

292 4689 400 4756 sainte,
423 4683 484 4743 vol.
505 4681 549 4755 H,
571 4701 601 4760 p.
623 4681 696 4740 359:
721 4681 822 4739 ‹Ellc
843 4684 971 4740 consiste
987 4700 1023 4740 ea
1037 4699 1081 4739 ua
1093 4683 1185 4738 racia
1204 4681 1258 4738 des
1274 4679 1350 4754 plus
1369 4682 1582 4755 pillos-ecquae,
1598 4677 1736 4738 rccaarra‘

293 4784 478 4842 amaedeus
498 4781 657 4842 mraruillea
684 4779 853 4856 purulllles
881 4783 918 4838 de
945 4783 1161 4857 pipantecquec
1180 4780 1304 4837 robbers
1332 4779 1369 4836 de
1389 4782 1495 4855 praeit
1521 4796 1624 4854 rouge.
1650 4773 1732 4835 O'est

295 4899 407 4940 comme
428 4879 455 4938 lc
476 4881 620 4939 vestibula
640 4881 694 4939 dcc
708 4885 895 4956 montapnea
925 4883 978 4953 qui
996 4877 1135 4956 forme-nl
1159 4875 1327 4936 l'aaeemblc
1354 4877 1391 4935 dc
1416 4875 1533 4955 massis
1556 4879 1731 4950 similique,

293 4975 392 5034 camec
413 4976 573 5034 colondelle
594 4982 623 5034 al
642 4979 820 5051 importante,
843 4977 917 5034 doni
937 4982 1005 5034 tous
1026 4975 1069 5034 lec
1090 4993 1260 5052 voyapeurs
1287 4974 1414 5048 purlcnt
1435 4992 1506 5032 avec
1533 4975 1732 5032 admiration.

296 5071 343 5130 On
363 5079 446 5132 cntra
466 5075 503 5131 dc
524 5073 555 5130 ld
576 5074 656 5133 dans
678 5069 982 5143 l’Oaudi-Gdurbeb,
1005 5078 1033 5130 et
1048 5075 1125 5146 puis
1146 5073 1226 5130 duas
1248 5069 1484 5149 l’Oaadi-Solaf
1496 5091 1523 5130 n.

374 5169 524 5231 *Pharan
545 5170 657 5232 civitas
677 5177 846 5231 memorata
866 5191 885 5230 a
905 5168 1083 5229 Ptolomaeo
1104 5167 1125 5228 l.
1147 5169 1209 5247 ΠΙ,
1231 5189 1256 5228 c.
1279 5169 1316 5228 17
1332 5169 1422 5229 titulo
1440 5167 1544 5252 κώμη,
1562 5167 1664 5229 vicus:
1679 5167 1736 5229 sed

294 5269 383 5344 πόλις
406 5272 444 5330 ab
465 5270 578 5330 Euseb.
594 5271 643 5330 De
656 5270 770 5331 nomin.
792 5271 848 5330 loc.
870 5269 957 5330 hebr.
979 5267 1017 5327 ad
1041 5267 1158 5356 Φάραν,
1174 5274 1206 5327 et
1222 5287 1239 5326 a
1254 5266 1360 5344 Steph.
1371 5265 1447 5344 Byr.
1459 5265 1500 5326 ad
1509 5284 1539 5325 v.
1551 5265 1628 5325 Erat
1642 5265 1736 5326 etiam

293 5367 378 5433 sedis
400 5369 586 5448 episcopalis
607 5387 687 5430 saec.
708 5369 756 5430 IV
777 5375 809 5430 et
829 5368 868 5430 V.
889 5367 1065 5427 Antoninus
1093 5385 1133 5424 m.
1155 5385 1221 5425 eam
1250 5369 1502 5443 praetergressus
1531 5368 1581 5423 est
1606 5383 1623 5423 e
1650 5362 1735 5424 Sinai

293 5465 472 5545 Aegyptum
492 5473 604 5546 petens
626 5467 659 5546 (1.
674 5486 700 5526 c.
716 5486 781 5544 cap.
803 5465 895 5544 XL):
920 5487 935 5522 r
950 5462 1049 5524 Nobis
1071 5470 1173 5522 autem
1187 5460 1289 5522 visum
1303 5465 1353 5521 est
1366 5479 1423 5538 per
1436 5459 1595 5538 Egyptum
1608 5457 1734 5532 reverti,

295 5571 327 5625 et
346 5565 489 5626 venimus
521 5564 625 5641 itaque
649 5565 683 5624 in
712 5563 836 5624 Pharan
866 5561 1076 5624 civitatem».
1100 5561 1200 5633 Quam
1230 5557 1368 5620 Makrisi
1395 5558 1592 5636 geographus
1623 5560 1735 5620 arabus
