4604 6560
735 707 778 752 sn
801 706 888 754 noce
909 707 1039 756 sinere
1060 709 1115 762 sn.
1139 713 1239 758 sesses
1643 691 1708 760 105

268 925 457 1002 matribus
482 926 571 1002 suis.
592 927 642 1002 Et
660 928 713 1004 sic
731 927 978 1024 singulariter
996 929 1211 1026 interrogat
1229 930 1426 1029 episcopus
1445 929 1589 1005 ricinos
1613 929 1708 1022 eius,

269 1052 336 1148 qui
354 1052 528 1144 intravit,
549 1051 696 1128 dicens:
716 1053 749 1126 si
768 1055 890 1130 honae
916 1055 1021 1130 vitae
1049 1058 1108 1130 est
1134 1055 1208 1144 hic,
1237 1057 1269 1130 si
1295 1054 1517 1152 parentibus
1546 1055 1705 1147 deferet,

270 1177 301 1252 si
329 1177 503 1254 ebriacus
529 1201 606 1254 non
633 1182 693 1254 est
720 1183 791 1254 aut
818 1203 952 1270 vanus,
981 1184 1022 1256 et
1040 1181 1191 1278 singula
1209 1179 1318 1273 vitia,
1338 1202 1437 1276 quae
1456 1183 1548 1255 sunt
1576 1184 1710 1257 tamen

270 1302 448 1398 graviora
475 1302 516 1376 in
541 1303 707 1394 homine,
722 1305 906 1400 requiret.
935 1304 991 1379 Ut
1018 1307 1051 1378 si
1077 1306 1299 1403 probaverit
1317 1306 1397 1380 sine
1415 1305 1710 1401 reprehensione

270 1448 351 1502 esse
377 1427 424 1503 de
452 1427 511 1502 his
538 1428 726 1520 omnibns,
755 1429 893 1525 quibus
921 1430 1124 1528 requisivit
1149 1431 1415 1526 praesentibus
1441 1430 1620 1521 testibus,
1642 1451 1711 1503 an·

270 1555 385 1628 notat
402 1553 481 1650 ipse
500 1577 618 1627 manu
636 1577 707 1629 sua
733 1577 874 1630 nomen
900 1555 1004 1630 illius
1019 1546 1042 1630 ¹.
1072 1555 1112 1629 Si
1130 1559 1262 1631 autem
1282 1556 1323 1630 in
1342 1556 1472 1652 aliquo
1496 1558 1710 1646 accusatur,

272 1679 380 1753 iubet
406 1677 516 1752 illum
544 1678 647 1754 foras
675 1679 791 1770 exire,
820 1679 968 1754 dicens:
998 1681 1175 1756 emendet
1201 1703 1253 1771 se,
1274 1682 1316 1754 et
1333 1703 1420 1756 eum
1448 1679 1711 1756 emendaverit

274 1827 325 1896 se,
354 1808 447 1880 tunc
474 1805 629 1880 accedet
646 1805 696 1878 ad
715 1805 911 1882 lavacrum
924 1799 950 1881 ².
971 1805 1031 1882 Sic
1059 1804 1105 1881 ds
1133 1805 1238 1898 viris,
1267 1807 1320 1881 sie
1344 1805 1390 1881 de
1408 1807 1633 1882 mulieribus
1652 1825 1713 1879 re·

272 1931 427 2027 quirens
455 1930 559 2006 dicit.
590 1929 630 2004 Si
657 1931 741 2028 quis
769 1934 901 2008 autem
928 1934 1149 2030 peregrinus
1181 1936 1252 2023 est,
1285 1931 1359 2007 nisi
1391 1931 1616 2007 testimonia
1641 1931 1712 2003 hs·

273 2055 412 2146 buerit,
442 2055 509 2151 qui
536 2077 625 2132 eum
652 2058 845 2148 noverint,
874 2080 952 2133 non
978 2061 1062 2132 tam
1089 2058 1201 2133 facile
1223 2057 1377 2134 accedet
1395 2058 1444 2132 ad
1462 2057 1710 2153 baptismum.
1813 2103 1818 2112 ·

351 2179 432 2254 Hoc
459 2182 603 2269 autem,
620 2180 795 2257 dominae
814 2203 974 2275 soreres,
993 2205 1042 2258 ne
1060 2183 1332 2258 existimaretis
1352 2182 1432 2258 sine
1451 2181 1601 2257 ratione
1625 2181 1709 2256 fieri

274 2305 435 2381 scribere
463 2304 577 2380 debui
590 2299 616 2381 ⁸.
645 2305 889 2383 Consuetudo
917 2310 977 2383 est
1004 2307 1107 2382 enim
1134 2309 1196 2383 hio
1226 2308 1328 2396 talis,
1358 2307 1497 2403 utqui
1525 2306 1713 2392 accedunt

274 2433 320 2507 ad
350 2433 584 2528 baptismum
611 2455 679 2530 per
704 2433 805 2529 ipsos
833 2433 911 2511 dies
940 2433 1207 2530 quadraginta,
1236 2433 1375 2530 quibus
1402 2432 1610 2522 ieiunatur,
1636 2430 1711 2526 pri-

274 2582 381 2634 mum
408 2561 561 2632 mature
588 2582 613 2631 a
640 2558 784 2635 clericis
812 2560 1077 2635 exorcizentur
1088 2550 1114 2652 ⁴,
1143 2581 1232 2632 mox
1251 2558 1366 2632 missa
1390 2558 1493 2632 lacta
1521 2557 1640 2634 fuerit
1667 2555 1715 2630 de

275 2682 463 2759 Anastase
482 2681 689 2756 matutina.
709 2681 760 2756 st
778 2684 912 2758 statim
939 2683 1097 2780 ponitur
1124 2681 1306 2758 cathedra
1333 2682 1506 2778 episcope
1535 2681 1585 2756 ad
1611 2681 1712 2756 Mar·

275 2807 425 2906 tyrium
439 2807 479 2880 in
493 2806 652 2882 ecelesia
670 2803 849 2900 maiore⁵,
870 2813 910 2886 et
928 2809 1061 2884 sedent
1079 2829 1210 2882 omnes
1228 2808 1269 2882 in
1287 2807 1370 2903 giro
1388 2828 1506 2903 prope
1523 2807 1710 2905 episeopo,

275 2931 342 3027 qui
368 2929 608 3027 baptidiandi
635 2933 738 3020 sunt,
766 2933 850 3006 tam
876 2931 950 3006 viri
970 2955 1086 3028 quam
1103 2930 1295 3021 mulieres,
1324 2933 1472 3004 stantes
1491 2930 1573 3006 loco
1592 2930 1711 3005 stiam

276 3060 403 3153 patres
429 3057 493 3132 rel
521 3059 676 3147 matres,
705 3077 775 3132 nec
801 3079 879 3134 non
907 3058 1026 3132 etiam
1063 3057 1130 3154 qui
1163 3056 1303 3133 volunt
1338 3055 1471 3130 audire
1507 3055 1554 3130 de
1589 3057 1710 3153 plebe,

277 3203 408 3258 omnes
427 3182 577 3256 intrant
596 3184 636 3256 et
654 3165 799 3275 sedent,
820 3181 884 3256 ssd
903 3181 1045 3256 fideles.
1065 3181 1366 3256 (lathecumenus
1394 3183 1526 3254 autem
1552 3179 1607 3255 ibi
1633 3203 1710 3256 nen

276 3307 403 3382 intrat
415 3303 443 3399 ⁸,
470 3311 564 3382 tunc
591 3309 737 3403 quando
763 3307 958 3404 episcopus
986 3306 1097 3382 docet
1123 3307 1210 3380 illos
1237 3306 1373 3402 legem.
1408 3305 1453 3378 Id
1480 3308 1539 3379 est
1567 3305 1619 3380 sic
1649 3305 1708 3378 in-

277 3435 418 3510 choans
444 3457 469 3508 a
495 3453 633 3529 genese
660 3453 727 3529 per
754 3431 841 3508 illos
859 3431 938 3508 dies
957 3430 1212 3529 quadraginta
1231 3431 1429 3527 percurret
1446 3451 1577 3504 omnes
1601 3429 1718 3527 scrip·

359 3762 512 3842 ¹Gregor.
532 3762 628 3841 Nyss.
648 3760 815 3825 Adlooutio
836 3760 875 3824 ed
897 3761 1131 3840 Competentee:
1154 3761 1264 3822 «Date
1284 3759 1359 3822 mihi
1379 3759 1520 3840 nomine,
1540 3765 1576 3822 ut
1604 3778 1662 3838 ego
1683 3779 1721 3822 es

278 3860 451 3942 imprimam
470 3859 560 3921 libris
581 3859 791 3936 sensibilibus,
813 3866 846 3920 et
865 3859 998 3922 scribam
1019 3863 1229 3921 atramento».

358 3960 464 4022 ’Rem
484 3958 644 4022 confirmet
665 3958 695 4019 S.
718 3957 853 4038 Oyrillus
866 3957 900 4018 in
913 3977 970 4019 sus
982 3956 1216 4018 Procetechesi:
1239 3954 1426 4034 «egredere
1445 3954 1549 4036 potius
1569 3973 1650 4017 nuno
1671 3975 1722 4036 op·

152 4079 156 4087 ·
278 4065 419 4139 portune,
441 4065 474 4118 et
493 4056 658 4134 ingredere
679 4075 749 4116 cras
770 4054 1029 4136 opportunissime
1041 4078 1068 4118 s.

358 4155 370 4194 ³
385 4156 540 4230 Quorsum
560 4155 599 4217 de
613 4154 840 4216 catechumenis
854 4153 1048 4235 baptizandis
1062 4153 1199 4216 seribere
1216 4151 1346 4215 debuit?
1359 4151 1435 4231 quid
1449 4152 1478 4213 ei
1488 4143 1631 4231 rationis,
1645 4151 1723 4230 quid

280 4255 372 4318 officii
393 4255 433 4316 sd
454 4253 671 4316 scribendum?
691 4253 761 4315 Non
781 4273 842 4314 une
861 4251 986 4332 quidem
1005 4250 1177 4331 discipline,
1199 4257 1235 4313 nt
1248 4257 1437 4330 compertum
1456 4256 1515 4326 est,
1536 4248 1569 4310 in
1590 4248 1723 4311 ecclesia

220 4411 225 4431 ,
279 4354 427 4416 universa
436 4360 508 4414 tunc
523 4352 633 4436 viguit,
647 4352 694 4414 ite
707 4358 743 4413 nt
756 4357 898 4413 accurate
911 4349 1079 4431 descriptio
1093 4350 1184 4426 ritus,
1198 4369 1258 4426 quo
1273 4347 1547 4427 hierosolymitana
1559 4347 1643 4410 inter
1656 4367 1724 4410 cae·

280 4461 364 4515 teras
385 4450 598 4529 antiquissime
618 4450 774 4526 utebatur,
795 4449 887 4511 raldo
908 4455 1081 4530 opportune
1100 4447 1159 4509 hoc
1179 4447 1246 4508 loco
1267 4446 1337 4508 visa
1357 4445 1409 4508 sit.

359 4548 592 4611 *Nanneiorum
612 4556 662 4610 est
682 4547 810 4609 elericos
831 4566 943 4609 munus
964 4546 1067 4608 obisse
1088 4543 1282 4607 exorcizandi
1302 4543 1537 4606 catechumenos
1564 4549 1636 4605 ente
1663 4544 1724 4605 ba-

280 4649 443 4727 ptismum:
465 4648 521 4710 sed
541 4647 690 4726 ignotum,
712 4646 795 4724 quod
815 4645 848 4707 in
869 4645 1001 4708 eeclesia
1020 4643 1295 4724 hierosolymitana
1314 4663 1372 4722 per
1395 4642 1537 4722 singulos
1556 4642 1724 4722 quadrage

281 4748 377 4810 simae
398 4747 467 4809 dies
486 4746 586 4826 prima
605 4745 674 4808 luce
695 4751 907 4824 competentes
928 4745 1183 4807 exorcizarentur.

362 4843 422 4904 ⁵81
443 4842 565 4922 quando
585 4862 646 4904 uon
666 4842 699 4903 in
720 4842 852 4904 ecclesie
871 4839 1015 4920 Martyrii
1031 4839 1135 4902 sedin
1147 4840 1303 4900 Anastese
1322 4837 1502 4902 catecheses
1520 4838 1641 4917 fierent,
1663 4837 1725 4919 epi-

281 4963 393 5023 scopus
406 4943 475 5022 ipse
485 4941 594 5003 fideles
605 4941 758 5003 monebat.
773 4941 804 5002 S.
818 4939 912 5020 cyril.
927 4939 1050 5002 Oatech.
1064 4941 1118 5000 18:
1135 4961 1151 4996 s
1163 4939 1243 4999 Post
1254 4943 1393 4999 sanctem
1403 4937 1569 5000 Paschetis
1580 4937 1663 5000 diem
1666 4983 1724 5000 ......

282 5040 395 5102 Statim
414 5046 487 5118 post
508 5038 647 5118 synaxim
669 5038 700 5099 in
721 5045 861 5100 sanctum
881 5035 1134 5098 Resurrectionis
1147 5035 1248 5098 locum
1263 5035 1478 5114 ingredientes
1493 5035 1571 5096 alies
1587 5034 1655 5097 Deo
1675 5055 1726 5097 ro

283 5139 377 5216 lente,
398 5135 580 5200 catecheses
600 5136 735 5199 audietis
747 5160 775 5198 ».
796 5135 874 5198 Nam
890 5135 921 5197 S.
937 5135 1074 5214 cyrillus
1087 5135 1158 5214 ipse
1177 5153 1251 5196 suas
1271 5132 1450 5196 catecheses
1470 5132 1581 5195 habuit
1601 5133 1635 5194 in
1655 5131 1726 5195 (iol-

282 5237 404 5316 golhae,
425 5256 486 5297 non
507 5234 540 5297 in
560 5234 811 5298 Resurrectionis
832 5234 971 5296 ecclesie.
994 5233 1120 5295 Gateoh.
1142 5232 1237 5310 XIII,
1258 5252 1284 5293 c.
1306 5232 1355 5292 39.

362 5333 644 5408 ‘Oatechumenua
664 5330 718 5410 qui
738 5351 800 5393 non
821 5338 1009 5411 competens,
1030 5331 1084 5409 qui
1101 5328 1237 5390 nondum
1251 5335 1318 5390 erat
1338 5328 1378 5390 ad
1398 5328 1587 5410 baptismum
1607 5330 1727 5392 electus

282 5437 314 5494 et
334 5429 526 5493 candidatus.

1567 5561 1603 5620 14
