4622 6572
529 653 532 658 ¹
580 661 628 708 111
1203 656 1389 704 PRAEFATIO

578 880 619 955 in
647 879 804 956 abbatia
830 903 859 954 s.
889 879 1024 954 Florae
1052 879 1200 954 collecti
1227 879 1267 953 in
1294 880 1485 975 publicam
1522 877 1793 953 bibliothecam
1822 876 2017 952 Fraterni·

578 1026 673 1101 tatis
700 1047 729 1098 s.
758 1023 901 1098 Mariae
936 1022 1281 1098 transferebantur.
1315 1022 1469 1097 Codices
1506 1025 1649 1112 autem,
1687 1043 1849 1117 quorum
1889 1021 2017 1096 nullus

581 1171 697 1242 antea
724 1166 865 1241 ibidem
893 1170 989 1256 erat,
1018 1188 1065 1239 ex
1092 1187 1137 1240 eo
1166 1165 1272 1240 fonte
1300 1164 1454 1240 deducti
1491 1163 1603 1238 hodie
1633 1167 1847 1255 servantur,
1876 1167 1919 1238 at
1950 1163 2018 1238 alii

582 1313 622 1386 et
649 1310 914 1406 praetiosiores
942 1313 1033 1384 sunt
1061 1271 1268 1405 deperditi:
1297 1313 1428 1384 noster
1455 1332 1547 1384 vero
1576 1333 1605 1383 s.
1635 1309 1773 1384 Hilarii
1792 1313 1832 1384 et
1846 1308 2016 1403 Peregri-

583 1453 749 1527 nationis
777 1453 893 1527 exitio
921 1453 1055 1543 evasit,
1084 1452 1192 1527 nullo
1213 1454 1381 1548 tegmine
1401 1452 1591 1544 defensus,
1613 1451 1791 1548 foliisque
1808 1454 1885 1526 suis
1905 1453 2019 1526 abru-

583 1599 671 1692 ptus
691 1597 902 1670 miserrime
921 1590 944 1668 ¹.
963 1595 1224 1692 Diplomaturn
1244 1619 1400 1706 quoque
1427 1597 1848 1693 instrumentorumque
1866 1597 1914 1670 ad
1933 1619 2018 1674 eam

546 1822 550 1829 ,
583 1740 792 1816 Abbatiam
818 1740 1093 1836 pertinentium
1130 1740 1302 1815 collectio
1341 1741 1607 1836 antiquissima
1646 1745 1687 1816 et
1722 1741 2019 1839 locupletissima

584 1884 725 1980 partim
753 1883 794 1955 in
821 1883 949 1958 archio
984 1883 1161 1958 ecclesiae
1189 1882 1418 1957 cathedralis
1453 1885 1645 1958 arretinae
1672 1884 1813 1980 partim
1842 1885 1883 1958 in
1915 1884 2018 1979 regio

585 2027 788 2102 florentino
816 2028 1105 2118 recondebatur,
1134 2028 1303 2102 sednon
1332 2029 1494 2104 omnisz.
1518 2028 1683 2125 primum
1724 2029 1826 2103 enim
1865 2029 2020 2103 illorum

587 2172 766 2246 volumen
785 2193 905 2268 nuper
923 2171 963 2244 in
982 2171 1213 2246 bibliotheca
1228 2144 1566 2246 Asburhnamiana
1584 2175 1779 2269 repertum
1797 2176 1869 2266 est,
1888 2175 2021 2270 postea

586 2313 633 2388 ad
662 2313 960 2390 Laurentianam
986 2317 1159 2388 nostram
1188 2305 1448 2412 adpositum&
1941 2401 1942 2406 Ἰ

665 2459 716 2533 Ni
743 2458 924 2551 fallimur,
962 2463 1122 2535 omne'e'
1150 2459 1275 2534 medio
1311 2461 1538 2534 sustulimus
1576 2460 1749 2550 dubium,
1782 2483 1828 2536 ex
1864 2461 2023 2565 abbatia

525 2679 528 2686 ,
586 2605 728 2679 montis
756 2603 882 2680 Casini
910 2604 1097 2700 originem
1124 2627 1234 2679 suam
1263 2603 1415 2679 duxisse
1443 2604 1611 2680 codicem
1639 2629 1668 2679 s.
1697 2605 1846 2697 Hilarii,
1867 2607 1975 2682 cuius
1998 2629 2023 2678 a

586 2744 781 2820 Desiderio
809 2731 951 2820 abbate
969 2745 1176 2842 repetenda
1195 2749 1254 2819 est
1271 2745 1466 2820 exaratio:
1488 2745 1590 2820 idem
1608 2747 1825 2821 huiusmodi
1844 2747 1890 2823 de
1908 2746 2022 2823 Pero·

586 2889 814 2986 grinationis
841 2889 1067 2985 fragmentis
1086 2889 1228 2963 referre
1247 2911 1457 2984 possumus.
1478 2888 1576 2963 Sane
1594 2890 1747 2985 quidem
1776 2891 1913 2964 Petrus
1932 2889 2023 2964 Dia·

587 3055 715 3124 conus,
743 3032 810 3128 qui
837 3032 987 3107 saeculo
1016 3030 1240 3107 duodecimo
1268 3031 1427 3106 ineunte
1457 3035 1544 3126 post
1571 3021 1735 3108 Leonem
1767 3033 2024 3108 Marsicanum

587 3177 650 3253 vel
677 3176 887 3252 Ostiensem
914 3175 1226 3252 bibliothecarius
1256 3176 1366 3253 valde
1393 3177 1606 3251 laboriosus
1634 3178 1675 3251 in
1701 3179 1768 3254 illo
1788 3179 1923 3256 floruit
1940 3201 2024 3256 coe·

587 3322 714 3413 nobio,
743 3343 861 3416 quum
887 3320 1027 3395 librum
1057 3320 1119 3395 vel
1146 3320 1397 3394 Itinerarium
1429 3359 1443 3372 -
1472 3321 1528 3393 Dc
1555 3321 1635 3395 locis
1660 3325 1789 3396 coactis
1811 3363 1825 3378 ·
1845 3322 2025 3398 confecis-

588 3469 648 3542 set
656 3457 682 3558 ³,
703 3465 876 3542 eamdem
890 3465 1240 3560 Peregrinationom
1258 3468 1297 3539 in
1314 3487 1451 3540 manus
1466 3438 1649 3558 uersauit,
1664 3468 1789 3542 multa
1802 3467 1851 3544 ad
1865 3469 2027 3544 verbum

587 3613 808 3709 prosecutus
836 3610 995 3706 excepit,
1024 3613 1142 3705 atque
1170 3609 1210 3682 iu
1238 3628 1308 3683 sua
1335 3608 1537 3684 inserenda
1565 3611 1728 3687 curavit.
1757 3611 2025 3686 Elucubratio·

587 3753 700 3827 nibus
726 3753 866 3826 nostris
894 3753 1050 3826 fortuna
1078 3753 1243 3826 maxime
1273 3752 1434 3850 profuit,
1456 3752 1558 3847 quod
1577 3752 1718 3826 librum
1737 3754 1816 3848 ipse
1834 3777 1947 3828 suum
1964 3753 2025 3845 iis,

588 3919 686 3993 quae
713 3897 754 3969 in
781 3895 1005 3990 fragmentis
1032 3896 1210 3971 arretinis
1229 3896 1374 3991 primae
1394 3898 1496 3986 sunt,
1517 3897 1665 3992 paginis
1684 3897 1906 3988 intermisit,
1927 3898 2023 3973 adeo

588 4043 635 4115 ut
651 4040 754 4114 inter
772 4041 954 4134 utrasque
980 4040 1176 4114 connectio
1195 4039 1356 4135 perspici
1377 4041 1511 4135 possit,
1532 4043 1843 4138 comparatioque
1862 4043 2027 4118 institui.

590 4183 772 4258 Omnibus
800 4203 847 4256 ex
873 4182 998 4274 rebus,
1028 4205 1126 4279 quae
1153 4183 1202 4255 ad
1230 4183 1525 4282 topographiam
1552 4205 1704 4258 sacram
1723 4189 1939 4282 spectantes
1962 4188 2027 4262 de·

590 4329 809 4406 scribuntur
835 4327 874 4401 in
903 4327 1229 4426 Peregrinatione,
1252 4329 1486 4412 ‚thesaurum
1514 4328 1587 4402 sibi
1614 4329 1705 4404 lecit
1732 4330 1870 4404 Petrus
1891 4331 2028 4406 Diaco-

590 4495 674 4564 nus,
702 4472 770 4568 qui
797 4493 1085 4567 nonnumquam
1113 4470 1287 4544 lectionis
1315 4471 1499 4566 antiquae
1535 4492 1680 4546 errores
1708 4475 1748 4546 et
1785 4472 2026 4548 soloecismos

590 4614 791 4689 emendare
818 4613 1005 4710 neglexit:
1035 4615 1268 4708 quapropter
1294 4611 1460 4686 codicem
1479 4614 1656 4686 nostrum
1677 4633 1754 4686 non
1774 4613 1886 4687 modo
1912 4613 1961 4687 ab
1980 4631 2045 4690 eo'

590 4758 730 4832 lectum
759 4757 1076 4852 exscriptumque,
1105 4755 1385 4832 verumetiam
1413 4757 1452 4829 in
1479 4753 1712 4831 monasterio
1741 4757 1927 4832 casinensi
1947 4780 2026 4834 ser·

590 4904 727 4977 vatum
754 4902 872 4976 fuisse
899 4904 1090 4998 putamus.

673 5213 682 5249 ¹
705 5213 829 5276 Codicis
849 5211 993 5274 foliorum
1005 5211 1135 5292 primam
1149 5233 1253 5301 curam
1273 5212 1383 5273 habuit
1396 5232 1461 5274 can.
1476 5214 1619 5292 Vagnoni
1634 5214 1896 5297 bibliothecarius,
1911 5214 2026 5281 deinde

592 5313 718 5376 titulum
738 5312 860 5374 addidit
881 5312 947 5374 eius
968 5332 1128 5374 successor
1149 5333 1197 5391 eq.
1220 5312 1293 5374 Joh.
1316 5311 1508 5374 Guillichini.

672 5413 850 5493 'Octologo
871 5415 920 5473 dor·
940 5415 1035 5474 codici
1056 5415 1136 5474 dada
1157 5415 1327 5474 Bibliotcca
1348 5412 1558 5493 Aeburhnom,
1580 5434 1610 5476 n.
1634 5415 1722 5484 1148.

672 5513 746 5575 ³De
766 5511 862 5575 Petro
883 5509 1021 5573 Discono
1047 5510 1121 5574 vide
1141 5511 1233 5597 paulo
1254 5509 1395 5576 inferius.
1640 5535 1642 5538 ·
