4622 6572
999 1219 1029 1292 I.

658 1503 729 1572 DE
771 1501 1004 1571 CODICE
1045 1497 1373 1570 ARRETINO

377 1797 483 1872 Inter
509 1797 715 1871 nonnullos
742 1819 820 1871 non
847 1795 1078 1894 spernendos
1107 1795 1263 1886 codiceS,
1283 1797 1351 1890 qui
1369 1793 1514 1868 Arretii
1532 1792 1573 1866 in
1598 1791 1736 1866 biblio·

298 1943 410 2017 theca
436 1915 491 2036 pii
517 1941 698 2032 sodalitii,
728 1942 829 2038 quod
858 1943 974 2036 vulgo
1002 1941 1221 2036 appellatur
1253 1938 1493 2012 Frateruitas
1530 1959 1560 2010 s.
1590 1935 1736 2010 Mariae

297 2087 361 2163 vel
388 2087 584 2176 laicorum,
614 2089 873 2176 asservantur,
903 2086 1046 2159 honore
1074 2083 1271 2180 praecellit
1299 2106 1409 2171 unus,
1443 2081 1567 2177 quia.
1597 2077 1738 2152 Hilarii

236 2262 238 2267 ·
298 2230 572 2328 Mysteriorum
607 2233 647 2304 et
674 2229 917 2326 Hymnorum
950 2229 1167 2324 fragmenta
1199 2227 1383 2318 continet,
1411 2247 1482 2300 nec
1514 2246 1593 2298 non
1625 2225 1737 2298 Pere-

300 2373 555 2470 grinationem
584 2373 632 2448 ad
666 2375 750 2448 loca
777 2377 922 2464 sancta,
958 2373 1159 2467 antiquam
1187 2370 1291 2461 satis,
1324 2369 1416 2444 licet
1454 2368 1566 2442 initio
1595 2371 1636 2442 et
1663 2367 1738 2442 fine

301 2522 496 2594 carentem
511 2509 534 2593 ¹.
555 2519 611 2592 Ea
637 2541 707 2593 nos
734 2519 863 2592 omnia
891 2516 1047 2614 plurimi
1070 2511 1325 2590 existimanda
1353 2535 1434 2588 esse
1462 2515 1671 2604 censemus,
1693 2533 1737 2586 ac

299 2662 456 2737 tandem
485 2663 525 2736 in
542 2664 666 2737 lucem
686 2661 933 2758 proferenda:
953 2682 1075 2756 eoque
1100 2658 1298 2750 sentimus,
1318 2660 1364 2731 ut
1392 2656 1533 2732 oblivio
1550 2659 1633 2730 tam
1653 2655 1751 2728 diu·-

299 2811 417 2881 turua
448 2828 525 2880 uon
557 2806 638 2880 siue
671 2805 838 2902 quadam
870 2806 982 2901 culpa
1020 2802 1312 2897 studiorumque
1345 2801 1577 2876 detrimento
1615 2823 1737 2896 usque

300 2948 425 3023 adhuc
452 2948 633 3022 mansisse
652 2947 842 3039 videatur,
863 2950 949 3020 tum
968 2947 1002 3019 si
1019 2944 1283 3040 praefatorum
1303 2943 1376 3018 viri
1395 2943 1605 3018 doctissimi
1622 2944 1736 3017 lumi·

301 3095 436 3190 nisque
464 3093 642 3168 ecclesiae
661 3114 817 3188 operum
838 3090 1077 3186 praestantia
1094 3088 1356 3184 perspiciatur,
1376 3092 1461 3163 tum
1486 3089 1605 3163 etiam
1633 3087 1736 3184 quod

301 3259 347 3313 ex
375 3259 421 3312 ea
447 3221 583 3312 terrae
604 3239 759 3311 sanctae
786 3234 953 3330 cognitio
981 3234 1104 3328 magis
1123 3234 1317 3328 augescat.

380 3379 690 3454 Membranaceus
719 3380 778 3452 est
806 3377 934 3467 codex,
964 3375 1168 3449 distinctus
1196 3375 1237 3448 in
1273 3375 1556 3469 quaterniones,
1586 3395 1629 3448 ac
1662 3372 1740 3469 pri·

301 3523 403 3598 stina
430 3523 584 3597 iunctus
622 3524 780 3595 sutura:
809 3491 1027 3616 quaerre
1061 3518 1292 3592 defectiones
1329 3517 1653 3614 abscissionesque
1679 3517 1735 3591 fo-

300 3667 440 3741 liorum
459 3687 655 3741 recensere
676 3667 793 3760 atque
813 3663 860 3738 de
874 3664 956 3760 ipsa
976 3662 1113 3737 codicis
1133 3661 1359 3758 integritate
1378 3661 1575 3756 disputare
1592 3662 1736 3738 licebit.

302 3807 560 3905 Antiquitatis
588 3809 856 3902 argumentum
885 3827 933 3880 ex
961 3806 1151 3900 scriptura
1190 3803 1404 3894 deducitur,
1433 3826 1534 3899 quae
1563 3805 1611 3879 ab
1640 3805 1742 3879 anti·

302 3951 444 4048 quariis
472 3941 792 4046 peritisqueviris
820 3949 1085 4023 beneventana
1105 3947 1165 4026 vel
1188 3947 1653 4043 longobarda-casinensis
1674 3972 1741 4045 ap-

179 4075 180 4078 *
302 4093 480 4189 pellatur,
510 4117 586 4188 qua
614 4092 793 4166 monachi
820 4091 877 4164 illi
904 4090 1131 4186 praesertim
1158 4091 1219 4164 usi
1238 4094 1330 4164 sunt
1349 4114 1373 4164 a
1392 4092 1544 4166 saeculo
1570 4114 1672 4167 nono
1693 4093 1743 4166 ad

302 4237 569 4312 duodecimum
598 4259 730 4332 usque.
760 4233 861 4309 Nam
889 4235 1075 4311 eiusmodi
1112 4237 1342 4332 scripturam
1370 4235 1403 4308 si
1435 4258 1521 4310 cum
1558 4237 1668 4311 libris
1702 4237 1744 4312 in

301 4381 482 4456 coenobio
511 4379 698 4455 casinensi
727 4379 894 4454 exaratis
922 4379 1165 4473 compararis
1186 4381 1227 4452 te
1246 4378 1286 4451 id
1304 4382 1549 4475 perspicuum
1577 4383 1742 4455 certum·

302 4547 377 4621 que
403 4546 486 4599 esse
512 4547 590 4598 non
619 4523 755 4597 dubito
785 4523 1113 4598 confirmaturum.
1151 4522 1291 4618 Itaque
1318 4544 1400 4615 nos,
1430 4547 1550 4619 quum
1578 4525 1744 4620 primum

301 4670 489 4768 quaedam
517 4669 692 4744 subesset
719 4667 898 4762 suspicio,
928 4689 976 4740 ne
1005 4670 1046 4740 et
1075 4667 1193 4741 codex
1221 4667 1412 4742 arretinus
1450 4671 1551 4742 esset
1583 4668 1632 4743 ad
1659 4693 1745 4744 eam

303 4813 571 4888 adscribendus
599 4809 800 4902 familiam,
821 4809 930 4886 cuius
950 4809 1074 4884 multa
1092 4810 1325 4906 exemplaria
1343 4810 1385 4883 in
1409 4810 1650 4888 bibliothecis
1670 4813 1744 4888 ita·

280 5143 282 5147 y
385 5069 395 5106 ¹
417 5070 602 5149 Gamumiui,
616 5075 637 5133 1
649 5073 771 5132 Misceri
791 5093 806 5132 c
826 5069 944 5150 pl‘lnni
964 5073 998 5131 di
1018 5091 1043 5132 s.
1060 5073 1163 5132 llario
1183 5090 1305 5132 umcouo
1319 5073 1353 5132 di
1365 5073 1508 5147 Poilim,
1524 5075 1562 5134 sd
1574 5092 1640 5135 aaa
1654 5073 1744 5135 Pers·

303 5173 482 5247 priuatione
497 5175 528 5229 ui
544 5173 650 5248 luopbi
669 5173 754 5230 santi
773 5171 823 5228 ael
844 5175 957 5245 quarto
979 5171 1084 5229 secolo.
1101 5169 1151 5250 (In
1165 5167 1271 5230 Stadii
1287 5171 1484 5230 edocumenti
1504 5172 1538 5230 di
1558 5174 1746 5234 diomedi-

303 5273 387 5346 ritto,
410 5287 488 5330 enno
501 5267 541 5346 V,
563 5269 663 5349 1884).
686 5267 807 5329 Deinde
829 5266 994 5328 disseruit:
1015 5269 1109 5328 Delia
1140 5269 1257 5328 inedita
1288 5267 1543 5347 Pcreqriauzionc
1575 5275 1608 5330 oi
1637 5271 1746 5349 lacydi

304 5370 397 5427 sant.
420 5364 539 5448 (Stadii
559 5373 617 5428 eto.
639 5386 717 5427 auno
739 5365 795 5442 VI,
813 5365 915 5446 1885).
930 5364 964 5427 O.
983 5365 1110 5443 Koeler,
1130 5367 1210 5425 Nota
1230 5385 1289 5427 sur
1301 5386 1346 5427 aa
1359 5371 1532 5428 manuscrit
1545 5369 1582 5428 dc
1596 5370 1629 5430 lu
1644 5370 1746 5430 biblio·

305 5464 578 5542 tmqood’Aa-mo.
595 5445 1744 5546 <miserationemque1²rt0010uesmnus,s.xuv,1ssr).

1326 5609 1369 5648 ,1
1509 5599 1584 5676 32¹¹
