4622 6572
605 659 647 722 42
1099 679 1126 722 6.
1149 679 1282 723 arnume
1306 677 1554 726 ruaacnrucrro

609 767 2062 804 —-—---——-—---—--—-—-——-——-r---*

522 807 599 1000 ‘ff
626 815 640 966 I
681 895 731 968 Et
758 895 939 991 quoniam
971 897 1080 970 nobis
1108 896 1184 970 iter
1212 897 1265 970 sic
1292 902 1387 986 erat,
1417 899 1462 970 ut
1490 895 1683 991 pervelle
1712 897 1779 969 1116
1811 897 1957 986 media,
1980 918 2063 991 qua

600 1019 774 1094 tenditur
800 1042 869 1116 per
895 1022 1052 1116 longum
1084 1023 1237 1114 iremuS,
1267 1021 1306 1095 id
1325 1022 1468 1095 6611116
1491 1021 1604 1111 valle,
1631 1045 1747 1117 quam
1763 1023 1940 1117 superius
1962 1020 2063 1110 dixi,

601 1146 667 1219 ubi
699 1145 879 1220 sederant
909 1146 977 1219 filii
1004 1147 1134 1238 Israel,
1164 1148 1253 1221 dum
1283 1148 1432 1243 Moyses
1461 1147 1682 1222 ascenderet
1707 1147 1748 1219 in
1767 1151 1950 1221 montem
1971 1145 2062 1235 Dei,

602 1276 642 1345 et
670 1270 933 1346 descenderet:
962 1271 1093 1366 itaque
1130 1293 1219 1368 ergo
1249 1272 1412 1368 singula,
1446 1271 1769 1369 quemadmodum
1789 1273 1969 1347 venimus
1991 1292 2064 1366 per

602 1397 723 1492 ipsam
741 1399 876 1476 ,totam
904 1396 1044 1472 vallem
1073 1419 1221 1492 semper
1248 1398 1357 1471 nobis
1385 1397 1508 1471 sancti
1536 1398 1696 1471 11111666
1720 1396 2064 1470 demonstrabant.

537 1497 701 1604 ι’611616
729 1521 919 1617 inprime
947 1521 1071 1618 capite
1099 1521 1216 1618 ipsius
1249 1521 1374 1616 vallis,
1415 1523 1480 1597 ubi
1518 1545 1789 1612 manseramus,
1824 1527 1865 1596 et
1897 1522 2060 1596 videra-

601 1670 687 1720 mus
714 1647 854 1720 rubum
877 1646 1000 1738 illum,
1028 1647 1075 1721 (16
1104 1670 1178 1742 quo
1207 1649 1357 1722 locutus
1388 1650 1447 1722 est
1465 1648 1566 1722 Deus
1586 1651 1717 1721 sancto
1739 1647 1861 1742 Moysi
1880 1647 1919 1719 in
1943 1648 2060 1740 igne:

602 1772 819 1848 videramus
852 1773 970 1846 etiam
1002 1774 1042 1846 et
1073 1772 1183 1844 illum
1214 1773 1362 1863 locum,
1397 1773 1436 1845 in
1475 1795 1551 1868 quo
1578 1774 1741 1846 steterat
1778 1773 1869 1846 ante
1907 1772 2061 1844 rubum

601 1899 762 2000 6666166Ι
787 1897 948 1995 Moyses,
977 1897 1128 1992 quando
1162 1897 1197 1971 ei
1230 1896 1327 1970 dixit
1354 1897 1474 1972 Deus:
1509 1897 1648 1972 “solve
1681 1896 1882 1992 corrigiam
1913 1896 2059 1970 calcia·

603 2021 723 2096 menti
758 2023 829 2112 tui,
863 2021 968 2095 locus
1004 2022 1118 2112 onim,
1156 2022 1197 2095 in
1234 2045 1309 2116 quo
1346 2024 1436 2112 stae,
1470 2026 1575 2098 terra
1608 2024 1741 2097 666616
1769 2025 1829 2096 661
1853 1995 1978 2116 ,ssAc
2007 2022 2063 2095 sic

604 2170 693 2243 ergo
723 2150 849 2222 cetera
875 2146 970 2238 loca,
1000 2146 1322 2244 quemadmodum
1349 2147 1510 2242 profecti
1538 2169 1669 2220 sumus
1698 2147 1744 2220 de
1766 2148 1875 2238 rubo,
1904 2167 2061 2242 semper

602 2272 711 2348 nobis
731 2294 861 2367 cepere
889 2272 1097 2347 ostendere.
1117 2272 1218 2345 Nam
1237 2275 1276 2346 61
1291 2276 1605 2348 monstraverunt
1624 2273 1763 2363 locum,
1793 2273 1861 2345 ubi
1889 2272 2061 2346 fuerunt

603 2399 729 2472 castra
756 2398 922 2472 filiorum
950 2397 1069 2472 Israel
1096 2398 1155 2470 his
1185 2397 1328 2488 diebus,
1350 2398 1488 2493 quibus
1516 2399 1666 2494 Moyses
1694 2397 1770 2470 fuit
1796 2397 1837 2470 in
1865 2400 2059 2471 montem.

603 2523 917 2598 Monstraverunt
935 2524 1053 2596 etiam
1080 2523 1218 2613 locum,
1250 2523 1315 2596 ubi
1343 2523 1467 2596 factus
1486 2525 1545 2596 661
1563 2523 1709 2598 vitulus
1728 2522 1811 2595 ille:
1837 2545 1930 2594 nam
1952 2523 1994 2594 in
2014 2543 2060 2596 co

602 2650 686 2725 loco
705 2649 803 2722 fixus
822 2653 881 2724 661
900 2672 1020 2745 nsque
1038 2649 1079 2722 in
1097 2649 1211 2723 hodie
1240 2647 1336 2743 lapis
1365 2607 1634 2744 grandisiiNos
1653 2651 1783 2738 etiam,
1807 2647 2058 2742 quemadmo-

604 2774 696 2848 dum
710 2774 871 2864 ibamus,
883 2774 929 2848 de
943 2777 1077 2847 contra
1092 2773 1316 2848 videbamus
1336 2773 1601 2846 summitatem
1617 2772 1769 2864 montis,
1787 2794 1862 2866 qne
1877 2769 2057 2866 inspicie-

604 2901 674 2972 bat
691 2921 803 2994 super
830 2899 912 2995 1666
939 2899 1039 2974 valle
1066 2901 1172 2972 tota:
1194 2898 1240 2974 de
1268 2921 1343 2994 quo
1371 2899 1452 2972 loco
1472 2879 1626 2973 sanctus
1652 2897 1801 2993 Moyses
1826 2896 1927 3093 vid}
1957 2895 2056 2968 filios

604 3023 723 3097 Israel
754 3024 937 3097 habentes
957 3023 1090 3096 choros
1109 3023 1167 3096 his
1187 3023 1330 3111 (116666,
1351 3021 1503 3118 quando
1524 3022 1693 3096 fecerant
1714 3021 1883 3096 vitulum
1919 3019 2056 3094 Osten-

606 3147 745 3222 derunt
772 3147 890 3220 etiam
918 3148 1067 3242 petram
1095 3147 1290 3241 ingentem
1308 3146 1348 3219 in
1367 3147 1447 3240 ipso
1471 3147 1565 3235 loco,
1593 3145 1660 3218 ubi
1689 3144 1944 3219 descendebat
1973 3165 2059 3216 san·

606 3277 690 3347 ctus
720 3273 867 3369 Moyses
895 3294 982 3346 cum
1009 3273 1102 3347 1666
1122 3271 1202 3346 filio
1230 3271 1350 3360 Nave,
1375 3271 1424 3343 ad
1454 3262 1594 3367 quam¹
1625 3273 1775 3365 petram
1796 3269 1922 3342 iratus
1943 3267 2059 3362 fregit

605 3397 771 3489 tabulas,
809 3421 904 3493 quas
941 3397 1125 3470 afferebat
1142 3386 1167 3468 ².
1189 3395 1449 3470 Ostendernnt
1478 3396 1609 3487 etiam,
1640 3392 1963 3490 quemadmodum
1992 3413 2058 3486 per

606 3525 725 3620 ipsam
746 3524 887 3600 vallem
906 3523 1166 3618 unusquisque
1187 3544 1320 3595 eornm
1339 3522 1570 3596 abItationes
1589 3522 1823 3610 habuerant,
1848 3519 1896 3592 de
1917 3519 2057 3614 quibus

606 3649 882 3723 abitationibus
910 3671 1031 3744 usque
1059 3650 1098 3720 in
1126 3647 1239 3722 hodie
1264 3647 1388 3721 adhuc
1415 3648 1667 3722 fundamenta
1698 3649 1847 3743 parent,
1869 3645 2054 3741 quemad-

606 3773 763 3848 modum
791 3774 949 3849 fuerunt
976 3773 1101 3870 lapide
1120 3774 1265 3869 girata:
1282 3774 1533 3847 ostenderunt
1553 3773 1670 3847 etiam
1689 3774 1827 3863 locum,
1857 3773 1927 3845 ubi
1958 3771 2054 3844 filios

605 3896 724 3974 Israel
752 3899 863 3972 iussit
891 3920 1043 3972 currere
1070 3900 1225 3971 sanctus
1255 3897 1404 3993 Moyses
1426 3897 1471 3972 de
1492 3901 1604 3992 porta
1625 3895 1664 3969 in
1684 3900 1796 3992 porta
1810 3891 1835 3987 ⁸,
1856 3915 2055 3991 regressus

606 4024 656 4097 ad
683 3985 886 4098 montemb
896 4022 996 4098 Item
1023 4023 1275 4098 ostenderunt
1301 4023 1410 4096 nobis
1440 4023 1578 4111 locum,
1608 4021 1675 4094 ubi
1702 4022 1878 4096 incensus
1907 4025 1970 4096 661
1996 4018 2051 4094 ri·

546 4158 580 4214 66
606 4149 713 4221 16166
740 4149 820 4244 1666
848 4149 1006 4223 iubente
1033 4151 1165 4222 sancto
1193 4146 1335 4243 Moyse,
1365 4167 1479 4242 quem
1503 4145 1509 4237 Ι
1534 4146 1677 4220 fecerat
1705 4146 1758 4219 eis
1777 4115 1938 4256 Aaron]
1954 4145 2050 4218 Item

607 4272 857 4349 ostenderunt
891 4277 1104 4348 torrentem
1145 4273 1266 4362 illum,
1306 4271 1352 4346 de
1392 4295 1467 4367 quo
1505 4262 1684 4365 potarit⁴
1717 4274 1873 4345 sanctus
1900 4271 2052 4367 Moyses

607 4397 705 4500 filios
724 4398 855 4490 Israel,
876 4400 974 4474 sicut
993 4399 1183 4495 scriptum.
1204 4402 1263 4472 661
1291 4399 1331 4471 16
1356 4397 1497 4470 Exodo.
1520 4396 1780 4472 Ostenderunt
1804 4397 1925 4471 etiam
1945 4395 2051 4470 nobis

608 4524 745 4615 locum,
786 4525 850 4598 ubi
888 4525 933 4599 de
970 4524 1107 4620 spiritu
1139 4523 1264 4620 Moysi
1293 4513 1550 4618 errceperunt5
1578 4521 1824 4616 septuaginta
1844 4521 1933 4595 viri.
1956 4521 2051 4594 Item

610 4650 859 4724 ostenderunt
900 4651 1039 4740 locum,
1082 4649 1148 4722 ubi
1191 4649 1260 4721 filii
1288 4647 1420 4721 israel
1458 4648 1677 4721 habuerunt
1705 4646 2053 4740 concupiscentiam

610 4795 793 4848 escarum.
822 4774 923 4849 Nam
951 4772 1201 4848 ostenderunt
1227 4772 1336 4845 nobis
1370 4771 1489 4845 etiam
1518 4773 1558 4845 et
1587 4771 1697 4842 illum
1725 4768 1864 4859 locum,
1895 4770 1965 4864 qui
1991 4790 2051 4861 ap·

611 4897 776 4992 pellatus
800 4901 859 4970 661
886 4895 1114 4982 incendium,
1136 4896 1227 4990 quia
1246 4896 1399 4969 incensa
1419 4898 1478 4969 661
1498 4895 1685 4990 quaedam
1704 4916 1792 4987 pars
1816 4895 2053 4966 castrorum:

612 5026 706 5097 tunc
720 5025 863 5117 quando
882 5025 1016 5096 orante
1031 5023 1162 5096 sancto
1178 5021 1308 5116 Moyse
1323 5022 1486 5096 cessavit
1502 4985 1913 5166 ignisffpstenderunt
1938 5019 2052 5094 etiam

696 5301 704 5336 ¹
720 5300 794 5363 cod.
815 5322 913 5379 quem.
929 5337 967 5344 -
982 5301 993 5336 ²
1008 5301 1104 5361 Exod.
1119 5321 1145 5360 c.
1160 5299 1304 5379 XXXII,
1320 5303 1375 5360 19:
1400 5323 1414 5358 (
1432 5297 1594 5378 Confregit
1619 5319 1672 5361 eas
1699 5299 1848 5380 (tabulas)
1873 5299 1913 5360 ad
1936 5297 2053 5361 radices

614 5400 771 5462 montis».
795 5437 833 5445 -
854 5400 977 5462 ³Mxod.
1003 5420 1029 5462 6.
1053 5400 1198 5478 XXXII,
1222 5401 1271 5460 27.
1299 5435 1334 5446 -
1359 5397 1461 5460 4(16(1.
1486 5399 1632 5478 portavit.
1658 5435 1696 5444 -
1718 5397 1879 5478 ⁵Supple:
1901 5399 2004 5479 legem
2018 5428 2052 5442 -

615 5500 733 5562 ὃ11661.
753 5519 778 5560 o.
799 5499 859 5577 XI,
883 5500 911 5560 3.
