4622 6572
592 659 686 708 xxm
1220 657 1402 707 PRAEFATIO

593 936 610 970 ,
629 881 824 979 religionis
843 884 925 956 tam
940 904 1120 978 maguum
1141 881 1313 955 laborem
1340 880 1413 954 tibi
1440 879 1676 974 imposuisse,
1698 882 1742 953 ut
1770 878 1816 954 de
1844 880 2027 954 extremis

593 1081 610 1114 ,
629 1048 742 1123 porro
756 1025 869 1100 terris
885 1026 1031 1102 venires
1046 1025 1094 1099 ad
1108 1025 1201 1100 haec
1214 1026 1298 1100 loca
1313 1080 1345 1112 ,.
1358 1023 1456 1098 Sane
1470 1023 1625 1119 quidem
1635 1022 1949 1119 Mesopotamiam
1965 1023 2023 1097 in·

496 1250 508 1260 ,
587 1170 728 1245 colenti
757 1170 882 1246 Gallia
910 1171 985 1246 sita
1013 1174 1097 1246 erat
1125 1171 1164 1244 in
1193 1169 1437 1244 extremitate
1464 1171 1670 1243 terrarum.

666 1313 905 1388 Desiderium
924 1313 1073 1409 patriae
1100 1312 1333 1403 revisendae,
1363 1333 1438 1407 quo
1467 1312 1549 1406 ipsa
1577 1310 1824 1400 afficiebatur,
1843 1332 1890 1385 ex
1909 1310 2023 1385 corde

583 1458 706 1529 scatet
733 1455 895 1530 tristitia
922 1457 1136 1531 suffultum.
1166 1457 1351 1543 Quoniam
1391 1457 1560 1547 veretur,
1590 1475 1637 1528 ne
1665 1454 1748 1530 voti
1776 1453 1836 1526 sui
1869 1476 2021 1550 compos

582 1597 653 1674 sit:
682 1621 816 1676 verum
843 1603 972 1696 negat,
1002 1599 1094 1695 quid
1121 1599 1194 1673 sibi
1222 1602 1323 1674 esset
1351 1597 1627 1694 impedimenti,
1657 1598 1860 1693 quominus
1885 1597 1933 1671 ad
1952 1621 2019 1695 pa·

580 1739 697 1815 triam
712 1743 1023 1840 proficisceretur,
1044 1745 1085 1818 et
1104 1765 1292 1840 quaenam
1313 1765 1446 1818 caussa
1465 1764 1551 1817 eam
1569 1743 1610 1815 in
1631 1742 1724 1816 urbe
1749 1741 2018 1817 Constantino·

580 1884 658 1981 poli
687 1885 877 1962 detineret
893 1879 916 1960 ¹.

660 2029 817 2106 Ouidam
845 2031 943 2106 hanc
970 2031 1202 2107 monasterio
1236 2030 1407 2105 dicatam
1447 2052 1527 2105 esse
1563 2051 1633 2104 nos
1670 2029 1788 2104 etiarn
1825 2028 2015 2120 docemur,

578 2192 695 2265 quum
725 2172 837 2247 officii
864 2173 923 2246 sui
960 2174 1062 2248 ratio
1100 2174 1330 2270 postularet,
1362 2175 1408 2246 ut
1436 2173 1485 2247 ad
1520 2195 1668 2247 sorores
1707 2171 1942 2247 venerabiles
1969 2170 2016 2246 de

576 2309 666 2385 locis
695 2315 846 2406 sanctis,
885 2337 983 2412 quae
1025 2314 1193 2406 vidisset,
1231 2315 1452 2411 ritibusque
1486 2315 1589 2388 illius
1627 2313 1805 2390 ecclesiae
1840 2313 2013 2388 referret.

575 2452 696 2540 Quam
724 2443 855 2532 autem
883 2458 1111 2533 dulcissimis
1139 2459 1264 2534 verbis
1283 2481 1394 2532 suam
1412 2481 1502 2554 ergo
1524 2459 1608 2532 illas
1628 2459 1871 2534 dilectionem
1889 2457 2012 2532 decla·

573 2600 656 2673 ret!
678 2599 777 2687 Quas
798 2603 910 2677 modo
930 2604 1044 2678 lumen
1062 2625 1187 2694 meam,
1210 2603 1321 2677 modo
1340 2605 1446 2676 citam
1464 2625 1588 2694 meum,
1608 2602 1722 2678 modo
1742 2603 1898 2676 domiuus
1920 2625 2014 2676 meus

572 2764 712 2818 vocans
724 2734 749 2835 ²,
779 2747 825 2818 ut
843 2745 937 2819 nihil
958 2745 1157 2842 antiquius
1178 2745 1238 2820 vel
1256 2745 1467 2820 studiosius
1487 2745 1559 2819 sibi
1578 2747 1641 2836 sit,
1662 2768 1778 2842 quam
1798 2767 1861 2819 eas
1880 2764 2011 2818 amore

570 3029 808 3121 tenerentur,
829 3030 1030 3127 religiosae
1048 3032 1153 3107 vitae
1172 3032 1360 3128 particeps
1379 3032 1507 3124 fuisse,
1523 3055 1658 3108 verum
1678 3033 1797 3104 etiarn
1817 3032 1857 3105 in
1876 3053 2009 3105 mona·

570 3171 689 3247 sterio
708 3175 792 3246 tum
813 3173 1003 3269 dignitate
1022 3177 1230 3270 praestare,
1245 3177 1332 3248 tum
1350 3175 1475 3271 priore
1490 3174 1612 3249 officio
1629 3174 1762 3248 functa
1776 3163 2008 3248 videretur³.

650 3316 799 3392 Relicta
826 3317 965 3414 patria,
994 3317 1081 3394 vale
1108 3318 1200 3392 dato
1228 3319 1425 3393 sororibus
1453 3318 1543 3408 suis,
1572 3317 1765 3414 religionis
1794 3315 1921 3391 studio
1949 3315 2006 3388 in·

568 3460 688 3538 citata
715 3460 1027 3560 Hierosolymam
1055 3485 1212 3561 pergere
1241 3462 1450 3537 contendit.
1478 3462 1625 3537 Itinera
1659 3462 1775 3557 longa
1802 3464 1842 3537 et
1878 3481 2005 3557 asper-

567 3605 683 3681 rimos
709 3607 860 3682 labores
888 3607 1056 3681 sustinet
1083 3627 1239 3702 corpore
1268 3605 1471 3700 animoque
1500 3605 1624 3681 virili:
1649 3605 1738 3679 hinc
1755 3605 1908 3701 longius
1927 3626 2006 3679 non

566 3747 697 3823 horret
725 3750 843 3842 abire,
871 3749 1021 3824 deserta
1051 3748 1199 3824 torrida
1227 3747 1441 3823 Thebaidos
1479 3768 1697 3844 peragrare,
1726 3750 1845 3843 atque
1882 3747 2005 3823 oblita

566 3890 626 3965 sni
654 3890 758 3966 Sinai
786 3892 965 3968 scandere
992 3915 1118 3990 rupes.
1148 3891 1270 3979 Quidl
1303 3913 1376 3965 uno
1397 3891 1457 3967 die
1476 3891 1634 3987 pedibus
1658 3891 1840 3966 continuo
1861 3913 1882 3966 e
1901 3892 2003 3966 valle

565 4037 735 4110 montem
765 4034 870 4109 Sinai
897 4036 1028 4130 subiit,
1051 4035 1196 4131 attigit,
1217 4035 1392 4130 protinus
1412 4033 1508 4110 Oreb
1527 4034 1728 4110 lustrando
1755 4035 2000 4126 monasteria,

563 4194 648 4248 sero
677 4174 801 4249 denuo
829 4174 878 4250 ad
906 4176 1058 4253 vallem.
1079 4177 1215 4273 ltaque
1235 4175 1388 4248 mulieri
1407 4175 1638 4250 fortissimae
1656 4197 1780 4270 neque
1799 4178 1910 4250 aestu
1929 4177 2001 4248 aut

641 4515 793 4598 ¹Peregr.
813 4540 844 4599 p.
867 4521 924 4581 75:
947 4519 1009 4582 «si
1030 4525 1134 4582 antem
1154 4527 1278 4601 etpost
1297 4522 1356 4584 hoe
1376 4520 1409 4582 in
1430 4541 1522 4600 corpo
1543 4520 1642 4601 fuero,
1658 4521 1684 4584 si
1701 4541 1761 4599 qus
1774 4525 1917 4601 preterea
1929 4520 1998 4581 loca

559 4631 744 4692 cognoscere
764 4623 902 4694 potuero,
923 4626 976 4679 aut
996 4617 1065 4697 ipss
1083 4636 1243 4698 praesens,
1258 4619 1286 4680 si
1300 4619 1387 4681 Deus
1401 4617 1496 4681 fuerit
1516 4625 1677 4698 praestare
1698 4619 1854 4697 dignatus,
1872 4625 1997 4680 vestrae

558 4709 715 4773 affectioni
729 4712 884 4778 referam:
905 4721 958 4776 ent
978 4723 1063 4778 certe
1083 4716 1112 4778 si
1132 4715 1219 4778 aliud
1239 4716 1341 4777 animo
1362 4715 1489 4793 sederit,
1511 4715 1638 4795 seriptis
1657 4715 1816 4777 nuntiabo.
1846 4716 1912 4777 Vos
1932 4722 1998 4776 tan·

559 4814 633 4888 tum,
654 4809 805 4890 dominae,
837 4833 990 4876 memores
1010 4813 1070 4875 mei
1093 4833 1163 4876 esee
1194 4814 1373 4893 dignemini,
1395 4814 1463 4877 sive
1483 4814 1516 4874 iu
1536 4833 1664 4894 corpore
1685 4814 1752 4877 sive
1774 4821 1861 4876 extre
1884 4833 1996 4895 corpus

559 4905 686 4972 fuero.»

637 5003 650 5040 ¹
665 5007 792 5087 Peregr.
812 5029 842 5089 p.
858 5011 917 5072 55:
939 5011 1110 5073 «dominae
1123 5011 1321 5074 venerabiles
1324 5058 1420 5074 .....
1442 5011 1512 5074 ideo
1532 5012 1643 5074 fellere
1658 5033 1715 5074 vos
1730 5031 1824 5091 super
1837 5012 1915 5075 hanc
1927 5032 1995 5073 rem

556 5121 619 5164 uon
637 5124 802 5183 possum.»
825 5127 854 5186 p.
876 5110 932 5169 68:
955 5109 1074 5172 «Unde
1095 5111 1123 5172 si
1144 5105 1229 5171 Deus
1248 5117 1354 5172 noster
1370 5113 1461 5173 Iesus
1475 5111 1612 5187 iusserit,
1629 5118 1662 5172 et
1674 5130 1789 5173 venero
1803 5110 1836 5171 in
1850 5109 1993 5190 patriam,

555 5199 659 5281 legam
679 5223 732 5266 eus
754 5204 916 5286 (epistolas
930 5207 1050 5286 Aggari
1071 5215 1104 5270 et
1124 5207 1255 5289 Christi)
1271 5210 1368 5286 vobis,
1383 5207 1526 5271 dominae
1541 5208 1661 5270 animae
1681 5230 1806 5271 meae.»
1830 5209 1873 5271 Et
1890 5230 1921 5289 p.
1937 5209 1992 5270 75:

560 5302 635 5364 «De
655 5323 715 5381 quo
733 5303 812 5384 loco,
833 5305 983 5386 dominae,
1004 5307 1110 5369 lumen
1129 5327 1276 5370 meum»
1299 5313 1331 5370 et
1351 5308 1474 5370 similia.

636 5399 649 5437 ⁸
663 5401 791 5464 Saeculo
812 5412 921 5482 quarto
941 5406 1163 5468 monasterium
1183 5426 1339 5469 sacrarum
1352 5406 1507 5486 virginum
1520 5405 1627 5468 floruit
1640 5407 1673 5469 in
1686 5407 1754 5470 vico
1771 5405 1991 5486 Claudiomago

557 5497 652 5561 eitum
672 5499 754 5562 inter
773 5500 852 5566 fines
872 5503 1051 5583 Biturigum
1072 5511 1104 5567 et
1125 5504 1275 5569 Turones.
1297 5505 1411 5585 Sulpic.
1434 5506 1503 5570 Ser.
1525 5505 1608 5568 Dial.
1629 5507 1673 5568 H.
