4604 6560
622 595 664 661 80
1114 614 1141 659 s.
1165 612 1296 658 sruvras
1321 612 1568 660 runsonrrmrro

620 829 827 928 episcopus,
855 833 897 906 et
922 831 1047 905 intrat
1082 831 1185 907 intro
1222 813 1444 926 speluncam
1481 830 1531 905 61
1565 830 1798 905 Anastasim.
1827 829 2069 926 Aperiantur

620 955 747 1030 hostia
775 958 914 1046 omnia,
935 959 976 1030 et
1002 957 1125 1030 intrat
1153 959 1275 1031 omnis
1304 955 1518 1031 multitudo
1548 955 1596 1030 61
1624 956 1865 1030 Anastasim:
1895 956 1961 1030 ubi
1987 959 2069 1031 iam

619 1078 826 1154 luminaria
853 1079 1005 1154 infinita
1023 1082 1173 1156 lucent:
1198 1083 1249 1171 61,
1279 1080 1600 1176 quemadmodum
1627 1080 1819 1176 ingressus
1848 1079 1968 1154 luerit
1992 1103 2066 1176 po-

619 1205 753 1301 pulus,
786 1206 887 1281 dicet
919 1207 1109 1303 psalmum
1143 1207 1371 1302 quicumque
1403 1206 1449 1281 de
1480 1206 1722 1302 presbiteris,
1750 1209 1792 1282 et
1828 1206 2063 1301 respondent

620 1353 772 1406 omnes:
801 1332 985 1427 posthoc
1018 1331 1062 1406 fit
1093 1331 1230 1406 oratio.
1263 1332 1363 1406 Item
1396 1331 1489 1406 dicit
1521 1333 1712 1428 psalmum
1745 1331 1979 1430 quicumque
2017 1331 2064 1406 de

620 1455 853 1549 diaconibus,
882 1457 1060 1532 similiter
1086 1457 1132 1530 fit
1159 1457 1307 1532 oratio:
1336 1456 1477 1530 dicitur
1495 1459 1536 1531 et
1554 1458 1695 1532 turbius
1722 1456 1893 1551 psalmus
1921 1480 1945 1529 a
1972 1479 2063 1552 quo·

620 1601 781 1676 cumque
809 1581 955 1671 clerico,
985 1580 1030 1654 fit
1056 1583 1097 1654 et
1124 1582 1242 1654 tertio
1280 1579 1429 1671 oratio,
1458 1582 1499 1654 et
1536 1579 1847 1656 commemoratio
1876 1580 2060 1654 omnium.

619 1703 741 1778 Dictis
768 1726 858 1800 ergo
886 1703 944 1778 his
963 1704 1088 1778 tribus
1115 1704 1269 1800 psalmis
1284 1693 1309 1794 ¹,
1338 1706 1379 1778 et
1406 1703 1518 1778 factis
1547 1704 1785 1778 orationibus
1810 1703 1948 1794 tribus,
1978 1725 2061 1778 6666

619 1827 739 1902 etiam
770 1819 1037 1903 thimiataria²
1063 1827 1283 1902 inferuntur
1310 1829 1413 1902 intro
1441 1829 1619 1923 spelunca
1646 1827 1869 1920 Anastasis,
1899 1831 1946 1902 ut
1977 1831 2063 1902 1616

619 1953 776 2027 basilica
803 1953 1001 2028 Anastasis
1028 1954 1222 2049 repleatur
1250 1953 1440 2028 odoribus.
1469 1955 1520 2028 Et
1546 1957 1638 2029 tunc
1667 1953 1733 2027 ubi
1760 1956 1841 2028 stat
1863 1952 2061 2050 episcopus

620 2076 723 2151 intro
742 2078 939 2169 cancellos,
959 2077 1120 2174 prandet
1138 2078 1392 2174 evangelium,
1409 2081 1450 2152 et
1463 2078 1616 2154 accedet
1634 2077 1683 2152 61
1702 2077 1942 2172 hostiumst
1958 2078 2062 2174 leget

620 2199 960 2278 resurrectionem*
978 2202 1138 2277 domnus
1179 2202 1374 2298 episcopus
1412 2204 1502 2299 ipse.
1533 2202 1640 2288 Quod
1676 2224 1763 2278 6666
1800 2202 1946 2299 ceperit
1975 2202 2062 2298 legi,

619 2327 754 2400 tantus
780 2326 932 2422 rugitus
960 2328 1000 2400 61
1028 2326 1198 2422 mugitus
1225 2326 1272 2400 fit
1299 2326 1470 2400 omnium
1498 2326 1709 2419 hominum,
1734 2330 1930 2404 attentae
1950 2327 2061 2402 lacri-

621 2471 717 2540 mae,
747 2453 793 2524 ut
819 2450 993 2545 quamvis
1021 2449 1245 2546 durissimus
1273 2449 1394 2545 possit
1420 2450 1566 2526 moveri
1595 2451 1635 2524 in
1653 2450 1831 2542 lacrimis
1851 2451 2060 2525 Dominum

620 2596 689 2670 pro
717 2575 826 2649 nobis
852 2577 966 2648 16616
993 2574 1229 2648 sustinuisse.
1258 2573 1372 2648 Lecto
1400 2596 1490 2668 ergo
1519 2575 1717 2670 evangelio
1744 2576 1826 2651 exit
1849 2557 2060 2672 episcopus,

621 2699 662 2771 et
689 2697 843 2772 ducitur
871 2719 957 2772 cum
984 2698 1109 2794 ymnis
1137 2697 1186 2771 ad
1214 2697 1385 2788 Crucem,
1405 2700 1446 2774 et
1464 2698 1587 2773 omnis
1608 2698 1770 2793 populus
1790 2720 1876 2773 cum
1897 2699 1977 2772 illo.
2002 2697 2058 2770 Ibi

622 2821 747 2916 denuo
776 2823 917 2896 dicitur
944 2846 1043 2897 6666
1070 2823 1249 2920 psalmus,
1279 2825 1319 2897 et
1346 2823 1392 2896 fit
1419 2823 1555 2897 oratio.
1585 2823 1688 2897 Item
1707 2823 1899 2900 benedicit
1918 2822 2059 2913 fideles,

622 2937 884 3022 obuenisset
904 2947 955 3021 Et
973 2951 1136 3024 exeunte
1155 2946 1340 3043 episcope,
1361 2969 1492 3022 omnes
1511 2947 1561 3021 ad
1579 2970 1736 3022 manum
1755 2947 1953 3023 accedunt.
1973 2946 2058 3020 Mox

623 3077 754 3149 autem
780 3073 917 3169 recipit
943 3095 982 3148 66
1010 3073 1273 3170 episcopusin
1301 3073 1457 3146 domum
1485 3095 1606 3147 suam.
1636 3072 1766 3147 Etiam
1793 3095 1840 3148 ex
1867 3072 1936 3146 illa
1964 3072 2059 3147 hora

559 3197 595 3254 ⁵⁸
622 3201 871 3274 revertuntur
889 3221 1019 3274 omnes
1037 3201 1285 3272 monazontes
1305 3175 1603 3288 6111666166166,
1624 3200 1664 3271 61
1688 3198 1825 3294 psalmi
1850 3197 1856 3289 Ι
1881 3197 2061 3273 dicuntur

621 3326 662 3398 et
688 3324 921 3422 antiphonae
951 3346 1071 3420 usque
1099 3324 1148 3397 61
1175 3315 1330 3398 lucem‘:
1360 3325 1401 3398 et
1427 3325 1514 3397 6616
1534 3322 1702 3417 singulos
1727 3323 1894 3418 psalmos
1912 3322 1976 3398 vel
1994 3345 2059 3396 an·

621 3448 800 3543 11616666
827 3448 871 3522 fit
899 3449 1045 3523 oratio:
1075 3447 1220 3522 vicibus
1248 3449 1350 3522 enim
1378 3445 1549 3541 66611116
1578 3445 1781 3540 presbiteri
1809 3449 1850 3520 et
1884 3445 2059 3521 11666666

621 3573 786 3668 vigilant
813 3572 861 3646 61
889 3572 1110 3648 Anastasim
1138 3595 1225 3647 cum
1251 3573 1391 3668 populo
1420 3571 1468 3646 16
1494 3571 1602 3644 161616
1626 3570 1746 3644 etiam
1766 3570 1858 3645 viris
1878 3573 1949 3644 661
1975 3593 2066 3643 mo‹

620 3697 788 3772 lieribus.
818 3697 858 3772 Si
886 3699 952 3793 qui
979 3698 1118 3773 volunt
1140 3718 1260 3792 usque
1279 3696 1482 3786 adiuuem,
1503 3694 1585 3769 loco
1605 3697 1717 3768 sunt:
1752 3695 1783 3768 si
1816 3694 1883 3790 qui
1906 3695 2057 3786 nolunt,

621 3825 872 3899 reuertuntur
898 3823 938 3896 in
967 3823 1098 3897 domos
1126 3843 1225 3914 6666,
1254 3824 1296 3894 61
1322 3823 1509 3917 reponent
1536 3841 1576 3894 66
1606 3819 1784 3894 dormito.

701 3946 796 4021 Cum
814 3947 899 4023 luce
918 3950 1061 4038 autem,
1082 3947 1173 4041 quia
1191 3946 1381 4021 dominica
1400 3945 1480 4022 dies
1499 3948 1569 4036 est,
1585 3948 1626 4020 61
1644 3943 1863 4041 proceditur
1882 3944 1921 4018 in
1941 3944 2057 4020 eccle·

621 4072 678 4146 616
705 4074 861 4160 maiore,
891 4095 1004 4168 quam
1038 4071 1130 4145 fecit
1163 4070 1454 4157 Constantinus;
1484 4091 1582 4165 6666
1610 4069 1766 4144 66616616
1797 4069 1838 4141 16
1868 4067 2059 4165 Golgotha

623 4198 683 4270 661
700 4199 788 4293 6661
807 4195 965 4271 Crucem
979 4187 1012 4270 ⁵:
1042 4198 1082 4270 et
1100 4197 1193 4268 sunt
1220 4196 1348 4270 omnia
1375 4194 1583 4269 secundum
1610 4193 1939 4286 consuetudinem,
1960 4213 2058 4289 6666

701 4457 711 4494 ¹
732 4457 939 4520 Recitationis
951 4456 1046 4518 trium
1059 4457 1244 4537 psalmorum
1257 4453 1342 4518 horis
1363 4455 1526 4534 canonicis,
1542 4455 1628 4517 cuius
1648 4455 1729 4517 ritus
1748 4452 1854 4516 nullus
1875 4453 1969 4515 166116
1990 4459 2059 4514 6616

620 4555 809 4618 Amalarium
831 4554 891 4635 (De
913 4554 1009 4616 divin.
1030 4554 1081 4616 off.
1095 4555 1117 4615 1.
1131 4555 1187 4631 IV,
1202 4575 1267 4632 cap.
1283 4555 1325 4634 3),
1345 4554 1378 4614 ni
1397 4553 1497 4632 fallor,
1519 4561 1689 4633 supererat,
1704 4573 1785 4615 nunc
1804 4557 1949 4614 vetustas
1971 4570 2059 4629 agno

620 4653 717 4716 scitur
737 4653 869 4714 6166116
895 4653 933 4714 ab
949 4651 1079 4714 ecclesia
1092 4657 1217 4714 servate
1232 4650 1325 4732 (Vide
1347 4651 1440 4712 etiam
1463 4651 1640 4713 Cornelium
1655 4673 1672 4712 6
1689 4649 1818 4730 Lepide,
1840 4649 1880 4710 de
1900 4648 2058 4728 Psalmis).

699 4747 712 4785 ²
733 4749 786 4810 Sic
805 4748 871 4810 cod.
893 4747 1156 4828 Thymiamateria
1176 4767 1215 4808 ex
1227 4767 1300 4808 auro
1314 4747 1477 4827 purissimo
1492 4747 1621 4808 donavit
1636 4747 1860 4809 Constantinus
1875 4745 2058 4824 quibusdam

620 4845 761 4907 ecclesiis
781 4843 871 4907 iussu
892 4863 948 4906 666
969 4841 1150 4921 aedificatis,
1170 4842 1306 4904 fortasse
1328 4843 1422 4906 etiam
1441 4842 1733 4922 hierosolymitanis.

699 4941 712 4978 ³
732 4941 830 5003 Missa
850 4949 922 5003 6616
942 4941 1051 5018 lucem,
1073 4945 1164 5019 61666
1183 4948 1218 5001 61
1239 4941 1365 5002 videtur
1386 4942 1425 5002 61
1447 4941 1555 5003 Crucis
1576 4942 1759 5003 cubiculum.

699 5039 713 5076 ⁴
731 5039 833 5100 Huius
853 5038 939 5100 vocis
958 5038 1067 5099 littera
1088 5058 1103 5099 6
1126 5045 1247 5098 tantum
1268 5044 1421 5118 superest,
1443 5045 1477 5110 61
1496 5038 1654 5098 restitutio
1675 5040 1718 5097 od
1739 5041 1836 5098 166666
1856 5043 1943 5100 certa
1963 5043 2022 5098 est.

700 5133 712 5170 ⁵
732 5133 904 5196 Ecclesiam
921 5154 1063 5211 magnam
1084 5141 1116 5196 et
1135 5133 1307 5196 mirabilem
1329 5135 1431 5197 extrui
1450 5133 1545 5196 iussit
1563 5133 1782 5196 Constantinus
1797 5133 1829 5194 in
1844 5153 1880 5196 66
1895 5133 1964 5194 1666
1979 5153 2060 5192 mon-

620 5229 707 5292 ticuli
727 5229 892 5310 Golgotha,
912 5230 966 5293 ubi
986 5251 1096 5311 passus
1118 5239 1167 5293 661
1188 5231 1350 5295 Christus:
1381 5231 1511 5295 ecclesia
1536 5231 1660 5310 quidem
1688 5231 1784 5292 msior
1812 5236 1845 5292 61
1875 5229 2059 5309 Martyrium

620 5327 669 5407 (ut
688 5327 859 5406 Peregrina
878 5329 998 5408 scribit)
1019 5329 1241 5408 appellabatur,
1256 5336 1349 5409 61666
1364 5331 1466 5412 posita
1479 5336 1547 5392 erat
1559 5336 1632 5408 post
1646 5328 1753 5391 Crucis
1766 5327 1949 5406 cubiculum,
1964 5327 2059 5390 sitnm

619 5424 652 5488 in
671 5425 810 5505 basilios,
830 5425 870 5490 16
891 5447 952 5505 666
971 5427 1113 5508 superius
1132 5427 1275 5490 diximus.
