4622 6572
601 692 645 758 50
1096 716 1122 762 s.
1148 717 1279 764 sruursu
1303 717 1549 768 runnosrssrro

605 805 758 812 -.-----..
776 807 842 812 ..-..-.

1281 813 1319 818 -.
1498 815 1531 820 ...-
1567 815 1615 820 ..-.-
1667 817 1675 820 -
1712 817 1721 820 -
1745 815 1796 821 --.-
1816 815 2041 824 η--.η--ῥ-ι

602 936 718 1008 esset:
738 957 829 1008 nam
848 935 981 1010 eadem
1002 936 1062 1012 die
1084 937 1236 1033 vigiliae
1255 941 1401 1035 agendo
1422 944 1533 1016 erant
1553 943 1590 1015 in
1611 943 1778 1017 ecclesia.
1807 942 1863 1017 Ac
1882 943 1936 1016 sic
1955 964 2042 1038 ergo

601 1061 730 1156 aliquo
749 1061 866 1137 biduo
885 1063 937 1136 ibi
957 1064 1085 1137 tenuit
1103 1087 1172 1140 nos
1191 1071 1345 1140 sanctus
1365 1069 1571 1163 episcopus,
1587 1074 1742 1144 sanctus
1761 1071 1802 1144 et
1820 1091 1910 1146 vere
1928 1071 2041 1143 horno

538 1201 574 1256 40
601 1185 684 1276 Dei,
713 1190 829 1261 notus
858 1187 951 1261 mihi
974 1190 1048 1263 iam
1069 1190 1162 1264 satis
1188 1192 1193 1283 Ι
1219 1193 1265 1267 de
1293 1215 1337 1266 eo
1364 1195 1547 1290 tempore,
1578 1217 1601 1266 a
1629 1217 1704 1290 quo
1733 1194 1781 1267 ad
1810 1192 2039 1268 Thebaidem

601 1312 750 1389 fueram
766 1268 890 1428 llipsa
919 1318 1050 1390 autem
1071 1320 1225 1392 sanctus
1246 1319 1441 1416 episcopus
1462 1341 1507 1394 ex
1529 1320 1713 1393 monacho
1734 1322 1806 1394 est:
1829 1343 1919 1393 nam
1938 1343 1962 1393 a
1988 1319 2041 1415 pi·

601 1435 710 1512 sinuo
725 1438 765 1512 in
785 1443 1017 1516 monasterio
1037 1443 1208 1517 nutritus
1223 1447 1293 1534 est,
1313 1444 1397 1520 ideo
1417 1448 1487 1518 aut
1501 1449 1582 1519 tarn
1603 1443 1776 1520 eruditus
1792 1445 1831 1517 in
1847 1445 2042 1540 scripturis

601 1567 670 1655 est,
701 1569 771 1639 aut
798 1569 880 1639 tam
897 1567 1120 1642 emendatus
1141 1570 1178 1641 iu
1200 1570 1303 1643 omni
1322 1571 1401 1645 vita
1420 1594 1502 1662 sua,
1526 1573 1569 1644 ut
1597 1576 1636 1646 et
1659 1571 1831 1667 superius
1852 1551 2042 1653 dixi3Nos

601 1693 732 1765 autem
751 1690 845 1768 inde'
858 1695 934 1766 iam
955 1694 1168 1768 remisimus
1188 1696 1341 1788 milites,
1362 1699 1428 1792 qui
1447 1697 1555 1770 nohis
1575 1675 1643 1793 pro
1670 1696 1868 1794 disciplina
1886 1717 2043 1770 romana

601 1819 746 1892 auxilia
764 1821 1007 1914 prebuerant,
1025 1821 1207 1916 quamdiu
1222 1844 1290 1918 per
1303 1823 1387 1896 loca
1402 1825 1577 1920 suspecta
1597 1821 2040 1898 ambulaveramus.lau1

601 1947 733 2018 autem
752 1947 932 2040 quoniam
952 1946 1005 2019 ibi
1023 1947 1107 2020 ianu
1131 1970 1246 2043 agger
1274 1940 1476 2044 publicus²
1504 1951 1588 2022 erat
1616 1970 1683 2043 per
1698 1947 1919 2043 'Egyptum
1945 1945 2043 2041 quod

599 2070 860 2144 transiebatur
892 2094 958 2167 per
980 2071 1167 2146 Arabiam
1196 2073 1405 2163 civitatem,
1435 2073 1474 2147 id
1502 2077 1562 2147 est
1589 2073 1691 2170 quod
1717 2073 1843 2146 mittit
1871 2071 1917 2146 de
1943 2071 2041 2145 The·

600 2198 714 2272 baida
742 2198 782 2272 in
809 2197 975 2290 Pelusi0,
1004 2202 1044 2272 et
1071 2199 1155 2274 ideo
1184 2201 1261 2273 iam
1294 2222 1371 2273 non
1409 2200 1484 2272 fuit
1511 2222 1660 2275 necesse
1702 2221 1842 2275 vexare
1884 2198 2041 2271 milites.

554 2322 891 2418 throficiscentes
920 2346 1009 2421 ergo
1040 2324 1128 2398 inde
1159 2328 1288 2398 totum
1315 2348 1382 2422 per
1409 2328 1553 2400 terram
1588 2325 1740 2416 Gessen,
1780 2326 1855 2399 iter
1888 2323 2043 2398 fecimus

602 2470 749 2544 semper
777 2450 879 2524 inter
907 2450 1050 2539 vineas,
1080 2472 1178 2544 quae
1207 2451 1302 2524 dant
1330 2450 1474 2539 vinum,
1496 2454 1536 2525 et
1555 2450 1697 2540 vineas,
1728 2473 1826 2546 quae
1846 2449 1942 2523 dant
1964 2449 2042 2521 bal·

602 2599 764 2666 samum,
795 2579 835 2650 et
863 2576 964 2650 inter
991 2577 1163 2670 pomaria
1192 2579 1232 2650 et
1260 2599 1371 2672 agros
1399 2576 1640 2666 cultissimos
1661 2580 1701 2650 et
1720 2576 1851 2649 hortos
1865 2575 2042 2669 aprimos

601 2701 679 2775 iam
708 2701 913 2774 habuimus
941 2704 1069 2776 totum
1099 2723 1211 2798 super
1239 2703 1358 2796 ripam
1375 2701 1543 2776 fluminis
1563 2692 1670 2774 Nili³
1690 2703 1791 2776 inter
1815 2701 1953 2773 fundos
1973 2699 2043 2773 fre-

602 2827 883 2921 quentissirnoS,
903 2848 1000 2921 quae
1020 2827 1175 2900 fuerant
1194 2826 1384 2921 quondam
1405 2829 1520 2902 villae
1540 2826 1703 2899 filiorum
1724 2825 1853 2900 Israel.
1879 2825 1930 2898 Et
1953 2823 2041 2918 quid

602 2951 735 3047 plural
764 2951 1017 3047 pulchriorem
1045 2951 1284 3026 territorium
1313 2956 1407 3048 puto
1436 2975 1496 3026 me
1517 2975 1726 3048 numquam
1754 2951 1906 3041 vidisse,
1928 2973 2041 3044 quarn

603 3080 662 3150 est
690 3078 795 3150 terra
822 3077 949 3151 Iessea
988 3075 1043 3151 Ac
1071 3077 1124 3151 sic
1152 3100 1241 3172 ergo
1261 3078 1309 3152 ab
1338 3077 1481 3151 Arabia
1500 3077 1657 3152 civitate
1677 3077 1752 3150 iter
1772 3077 1956 3150 facientes
1977 3099 2044 3172 pro

602 3201 719 3276 biduo
747 3205 876 3277 totum
904 3225 971 3298 per
988 3205 1133 3278 terram
1149 3203 1288 3278 Gessen
1309 3205 1549 3298 pervenimus
1568 3203 1721 3277 Tatnis:
1742 3203 1789 3275 in.
1801 3225 1847 3276 ea
1866 3202 2041 3290 civitate,

603 3329 669 3401 ubi
696 3332 813 3402 natus
841 3332 900 3404 est
926 3330 1080 3402 sanctus
1108 3329 1269 3425 Moyses.
1309 3328 1412 3405 Haec
1440 3333 1499 3404 est
1540 3331 1670 3402 autem
1713 3326 1849 3403 civitas
1870 3326 2042 3414 Tathnis,

602 3477 700 3552 quae
719 3455 795 3528 fuit
814 3453 1006 3550 qnondam
1034 3457 1255 3552 metropolis
1284 3455 1496 3530 Pharaonis
1508 3413 1604 3537 leuc
1631 3455 1722 3530 licet
1741 3475 1786 3528 ea
1805 3453 1964 3542 locant
1983 3474 2045 3524 su·

601 3582 728 3678 perius
757 3581 847 3672 dixi,
876 3581 953 3654 iam
982 3603 1129 3655 nossem
1145 3575 1169 3671 ⁵,
1190 3581 1228 3654 id
1249 3584 1306 3655 est
1326 3581 1477 3677 quando
1498 3580 1769 3654 Alexandriam
1789 3579 1849 3654 vel
1870 3577 1920 3651 ad
1945 3576 2040 3651 The·

601 3706 752 3780 haidem
782 3706 940 3797 fueram,
961 3709 1092 3780 tamen
1117 3707 1207 3802 quia
1227 3706 1275 3778 ad
1294 3706 1449 3801 plenum
1470 3707 1612 3781 discere
1633 3705 1811 3779 volebam
1831 3704 1927 3793 loca,
1949 3725 2048 3798 quae

602 3834 900 3907 ambulaverunt
920 3831 988 3905 filii
1008 3831 1139 3922 Israel,
1160 3832 1437 3928 proficiscentes
1457 3855 1503 3906 ex
1528 3833 1707 3906 Ramesse
1727 3851 1848 3925 usque
1870 3829 1920 3903 ad
1941 3850 2048 3902 mon·

601 3962 678 4032 tarn
700 3957 782 4047 Dei,
804 3960 958 4031 sanctus
979 3955 1101 4052 Syna;
1123 3979 1166 4032 ac
1191 3959 1242 4031 sic
1261 3979 1412 4034 necesse
1431 3958 1508 4031 fuit
1527 3958 1644 4032 etiam
1665 3956 1789 4030 denuo
1819 3954 1868 4030 ad
1897 3958 2045 4030 terram

683 4183 767 4245 1Ηίο
787 4188 820 4245 et
838 4181 929 4261 paulo
944 4188 1016 4262 post
1030 4182 1098 4261 ipsa
1113 4189 1262 4243 memorat
1280 4203 1366 4244 suam
1389 4184 1422 4244 in
1444 4181 1634 4246 Thebaidem
1654 4181 1947 4262 peregrinationem,
1966 4199 2044 4258 quae

601 4285 736 4360 obvenit,
759 4283 1002 4363 quamprimum
1022 4282 1055 4341 iu
1076 4283 1254 4360 Aegyptum
1275 4302 1309 4343 se
1329 4283 1523 4344 contulisset.

682 4382 693 4417 ²
709 4381 782 4442 cod.
799 4401 874 4460 ager
887 4381 1038 4460 publicus.
1054 4380 1134 4440 Nam
1150 4380 1264 4441 nonde
1285 4401 1359 4458 agro
1374 4381 1507 4460 publico,
1521 4382 1573 4460 qui
1587 4381 1626 4442 ad
1641 4381 1786 4460 populum
1802 4399 1962 4442 romanum
1982 4399 2050 4458 per·

602 4479 729 4554 tinebat,
745 4479 800 4542 sel
816 4480 853 4540 de
864 4479 916 4540 via
930 4479 994 4558 (vel
1008 4480 1135 4558 aggere)
1150 4478 1274 4558 publica
1288 4487 1320 4539 et
1333 4480 1460 4540 militari
1481 4480 1596 4542 mentio
1618 4480 1702 4540 faeta
1724 4499 1794 4542 esse
1808 4479 1947 4556 videtur;
1969 4497 2049 4555 quaa

494 4641 497 4646 ,
601 4580 654 4640 via
668 4599 685 4639 e
700 4577 859 4639 Thebaide
879 4576 1013 4637 deducta
1033 4577 1185 4637 transibat
1204 4597 1258 4655 per
1279 4577 1427 4639 Arabiam
1441 4579 1609 4658 civitatem,
1625 4580 1713 4641 alveo
1730 4580 1886 4658 pelusiaco
1909 4577 2051 4656 probabi·

602 4680 675 4740 liter
702 4678 884 4756 adpositam,
912 4675 984 4736 inde
1012 4675 1051 4734 ad
1079 4675 1237 4736 Pelusium
1258 4677 1468 4754 perveniebat.

683 4776 774 4836 ³Iter
795 4794 888 4853 super
907 4773 1007 4850 ripam
1027 4771 1160 4833 fluminis
1181 4773 1257 4850 Nili,
1279 4774 1399 4848 scilicet
1420 4774 1501 4836 alvei
1522 4775 1681 4854 pelusiaci,
1703 4777 1755 4855 qui
1777 4781 1933 4837 extremus
1953 4775 2051 4837 estin

603 4880 692 4953 parte
713 4871 863 4946 orientali,
885 4877 976 4947 atque
997 4867 1028 4930 in
1053 4880 1136 4958 νομῷ
1158 4871 1303 4932 Arabiae.

684 4971 697 5005 ⁴
711 4969 788 5030 Tani
810 4976 842 5029 et
862 4968 1003 5046 Tathnis,
1024 4969 1109 5030 Zoan
1130 4974 1162 5030 et
1183 4970 1312 5030 Taenia
1328 4970 1424 5032 sacris
1439 4971 1565 5050 chartis,
1580 4993 1677 5050 prope
1692 4971 1805 5033 ostium
1821 4968 1985 5032 tanitioum
2000 4991 2051 5049 po

606 5073 667 5132 sita
678 5069 876 5130 adorientem
890 5067 988 5146 ipsius
1004 5068 1093 5128 alvei.
1104 5067 1179 5128 Fuit
1190 5068 1280 5130 seles
1291 5069 1463 5132 Pharaonis
1475 5079 1613 5150 tempore
1628 5070 1748 5150 Moysis
1761 5070 1866 5150 (Num.
1877 5071 1974 5144 XIII,
1987 5071 2050 5150 23),

606 5167 699 5228 etiam
712 5172 822 5244 postea
833 5164 938 5243 (Isaie,
951 5163 1042 5240 XIX,
1056 5166 1241 5244 11‚13),ubi
1255 5166 1382 5246 Moyses
1394 5175 1485 5229 natus
1501 5189 1571 5229 esse
1587 5176 1618 5228 et
1632 5167 1780 5228 miracula
1794 5166 1910 5228 secisse
1922 5175 2052 5246 putatur

608 5264 737 5346 (Pselm.
757 5261 925 5336 LXXVII,
947 5261 994 5333 12,
1016 5261 1056 5319 43
1080 5261 1252 5339 «prodigia
1274 5284 1330 5325 sua
1353 5264 1386 5324 in
1408 5285 1516 5343 campo
1540 5265 1716 5346 Tenaces).
1741 5265 1857 5343 Magna
1883 5271 1953 5325 erat
1976 5264 2052 5325 urbs

607 5370 745 5438 tempore
774 5358 908 5436 Augusti
937 5357 1050 5437 (Strab.
1071 5359 1177 5436 XVII,
1199 5381 1269 5437 pag.
1290 5363 1372 5442 802),
1398 5370 1489 5440 atque
1518 5363 1609 5424 titulo
1634 5365 1759 5454 μεγάλη
1785 5363 1818 5422 in
1839 5361 1949 5440 Steph.
1971 5360 2050 5440 Byr..

608 5459 661 5539 (ad
671 5479 700 5519 v.
712 5457 816 5534 Τάνις)
832 5455 953 5532 legitur.
965 5455 1090 5518 Radere
1101 5457 1167 5519 eius
1179 5459 1331 5520 mirabilia
1346 5462 1438 5523 etiam
1449 5482 1529 5524 nunc
1540 5463 1681 5524 visuntur
1700 5461 1759 5542 (Of.
1783 5459 1893 5539 Sinith,
1912 5461 2052 5522 Diction.

608 5555 648 5615 ed
669 5574 699 5614 v.
726 5553 839 5632 Tanis).
857 5590 892 5596 —
908 5553 920 5587 ⁵
936 5553 1010 5614 God.
1032 5573 1132 5615 nosse.
