4604 6560
726 705 770 750 su
793 703 880 750 roos
902 701 1028 750 seuera
1052 701 1105 746 ss.
1131 706 1230 750 ass-sss
1653 680 1699 748 89

259 930 418 1024 singulis
445 929 578 1002 diebus
607 927 735 1002 omnia
762 926 915 1021 quidem
942 926 994 1000 sic
1022 927 1202 1020 aguntur,
1231 924 1331 998 sicut
1357 925 1398 998 et
1416 921 1551 998 ceteris
1579 921 1697 1016 septi·
1786 1009 1788 1014 Ι

259 1055 391 1144 manis,
413 1076 511 1149 quae
529 1052 777 1126 transierunt.
807 1051 1087 1124 Tantummodo
1115 1050 1216 1144 quod
1245 1048 1411 1142 vigiliae,
1436 1046 1593 1144 quaein
1621 1047 1697 1122 illis

259 1179 481 1276 septimanis
508 1177 549 1251 in
577 1177 760 1250 Anastase
787 1175 913 1250 factae
940 1179 1044 1264 sunt,
1073 1177 1236 1270 septima
1258 1176 1390 1248 autem
1410 1173 1636 1267 septimana,
1658 1171 1697 1244 id

259 1305 317 1377 est
344 1306 451 1376 sexta
479 1302 587 1392 feria,
616 1302 657 1373 in
686 1299 789 1396 Syon
813 1299 818 1392 1
844 1298 943 1374 fiunt
971 1298 1124 1394 vigiliae
1152 1298 1262 1372 iuxta
1284 1295 1599 1371 consuetudinem
1618 1317 1694 1386 eae,
1727 1297 1763 1354 6³

261 1448 358 1522 quae
386 1427 426 1500 in
453 1425 638 1500 Anastese
666 1424 790 1500 factae
809 1427 901 1497 sunt
919 1446 987 1520 per
1006 1446 1072 1498 sex
1091 1423 1334 1518 septimanas.
1356 1421 1546 1495 Dicuntur
1564 1424 1696 1496 autem

259 1552 354 1625 totis
381 1551 540 1646 singulis
567 1551 649 1645 apti
677 1551 812 1646 psalmi
839 1571 997 1644 semper,
1026 1549 1088 1623 vel
1115 1549 1358 1642 antiphonae,
1378 1551 1459 1622 tam
1478 1547 1560 1621 loco
1581 1569 1697 1644 quam

261 1674 347 1750 diei.
377 1676 430 1748 At
457 1675 523 1748 ubi
551 1678 683 1749 autem
711 1673 854 1769 ceperit
881 1695 922 1748 se
950 1695 1062 1747 mane
1090 1673 1224 1763 iacere,
1253 1671 1413 1745 sabbato
1441 1671 1697 1760 illucescente,

260 1802 394 1875 offeret
421 1801 628 1896 episcopm,
657 1799 819 1874 etfacit
846 1800 1093 1886 oblationem,
1122 1820 1234 1872 mane
1261 1797 1433 1887 sabbato,
1459 1797 1537 1871 iam
1557 1799 1602 1870 ut
1628 1795 1699 1872 fiat

260 1927 387 2000 missa.
417 1925 541 1999 Mittit
567 1947 699 2000 vocem
728 1924 1025 2016 archidiaconus,
1064 1927 1104 1998 et
1141 1924 1254 1999 dicit:
1290 1945 1420 1998 omnes
1456 1923 1569 1998 hodie
1603 1923 1698 1997 hora

260 2049 422 2145 septima
458 2049 498 2123 in
534 2049 692 2125 Lazario
727 2050 854 2144 parati
890 2049 1019 2124 simus.
1055 2049 1110 2124 Ao
1142 2049 1195 2124 sic
1231 2071 1320 2144 argo
1356 2070 1443 2123 cum
1479 2047 1622 2143 ceperit
1658 2069 1699 2122 se

258 2174 354 2248 hora
372 2175 534 2268 septima
549 2173 685 2264 facere,
703 2195 833 2248 omnes
853 2173 903 2246 ad
921 2173 1121 2248 Lazarium
1141 2173 1316 2247 veniunt.
1333 2170 1535 2246 Lazarium
1554 2173 1697 2262 autem,

261 2297 300 2370 id
319 2301 377 2373 est
395 2298 597 2388 Bethania,
619 2301 678 2373 est
697 2299 860 2372 forsitan
880 2297 1043 2374 secundo
1063 2297 1228 2371 miliario
1247 2321 1271 2372 a
1290 2297 1447 2372 civitate
1463 2288 1487 2370 ¹.
1507 2297 1698 2370 Euntibus

261 2425 394 2498 autem
422 2423 468 2496 de
498 2424 721 2512 lerosolima
748 2423 787 2496 in
815 2423 1028 2514 Lazarium,
1057 2422 1219 2497 forsitan
1238 2421 1288 2496 ad
1308 2422 1534 2518 quingentos
1554 2443 1698 2517 passus,

261 2545 308 2620 de
335 2547 468 2627 eodem
495 2547 577 2621 loco
607 2548 763 2622 ecclesia
791 2550 851 2622 est
878 2548 917 2620 in
946 2551 1070 2622 strata
1097 2547 1138 2621 in
1165 2569 1210 2621 eo
1239 2547 1334 2636 loco,
1363 2547 1403 2620 in
1431 2569 1506 2643 quo
1534 2545 1702 2622 occurrit

261 2668 424 2746 Domino
452 2671 575 2745 Maria
602 2694 710 2747 soror
737 2671 872 2744 Lazari
881 2662 906 2746 ².
926 2671 986 2746 lbi
1004 2694 1094 2767 ergo
1122 2693 1209 2746 cum
1236 2671 1386 2746 venerit
1413 2671 1620 2767 episcopus,
1641 2691 1702 2744 oc-

261 2799 419 2870 current
437 2795 492 2870 ibi
510 2819 643 2872 omnes
662 2797 850 2888 monachi,
871 2801 912 2871 et
929 2796 1091 2892 populus
1111 2797 1163 2870 ihi
1187 2796 1421 2892 ingreditur:
1443 2796 1583 2871 dicitur
1602 2817 1701 2868 unus

260 2941 412 3014 ymnus,
442 2926 482 2995 et
511 2945 588 2994 una
616 2921 838 3016 antiphona,
867 2925 908 2996 et
934 2921 1077 3018 legitur
1104 2923 1184 3018 ipse
1211 2921 1314 2996 locus
1334 2920 1381 2995 de
1405 2921 1615 3016 evangelie,
1635 2920 1702 2994 ubi

261 3045 426 3118 occurrit
454 3067 562 3119 soror
590 3044 724 3120 Lazari
752 3045 929 3121 Domino.
959 3047 1008 3119 Et
1035 3047 1088 3120 sic
1107 3047 1209 3122 facta
1228 3047 1414 3136 oratione,
1435 3050 1475 3122 et
1492 3045 1702 3122 benedictis

261 3168 448 3258 omnibus,
478 3168 672 3243 indeiam
701 3169 897 3265 usquead
928 3169 1127 3242 lazarium
1153 3192 1238 3244 euru
1268 3170 1394 3265 ymnis
1422 3170 1512 3245 itur.
1549 3169 1594 3242 In
1630 3169 1701 3244 La·

262 3295 363 3368 aerio
392 3296 525 3368 autem
553 3317 638 3369 cum
669 3299 829 3370 ventum
858 3296 987 3385 fuerit,
1017 3295 1074 3370 ita
1101 3317 1141 3369 se
1171 3295 1293 3370 omnis
1313 3294 1523 3369 multitudo
1541 3294 1701 3389 colligit,

262 3423 307 3490 ut
334 3442 411 3493 non
438 3421 563 3494 solum
591 3421 670 3516 ipse
697 3418 815 3513 locuS,
844 3421 909 3495 sed
938 3423 978 3494 et
1005 3421 1128 3514 campi
1157 3441 1286 3494 omnes
1315 3419 1355 3492 in
1382 3419 1464 3514 giro
1492 3418 1595 3515 pleni
1624 3420 1703 3492 sint

261 3543 489 3617 hominibus.
519 3543 709 3617 Dicuntur
736 3545 856 3640 ymni,
882 3545 1000 3618 etiam
1020 3547 1060 3618 et
1078 3543 1326 3639 antiphonae,
1348 3543 1430 3638 apti
1449 3543 1524 3618 diei
1543 3545 1583 3618 et
1600 3543 1701 3617 loco:

261 3667 436 3742 similiter
463 3671 505 3741 et
522 3668 706 3742 lectiones
726 3672 840 3763 aptae
859 3668 933 3742 diei
954 3689 1217 3764 quaecumque
1245 3667 1438 3764 leguntur.
1458 3667 1540 3742 Iam
1560 3669 1706 3772 autem,

261 3796 307 3867 ut
334 3792 404 3868 liat
430 3793 557 3882 missa,
588 3793 839 3868 denuntiatur
867 3795 1027 3889 paseha:
1056 3793 1095 3867 id
1123 3796 1193 3884 est,
1222 3793 1327 3868 subit
1359 3792 1546 3890 presbiter
1573 3792 1704 3868 inal-

260 3917 351 4000 tiori
378 3916 472 4008 loco,
507 3921 547 3991 et
574 3918 677 4013 leget
704 3919 813 3992 illum
841 3919 979 4005 locum,
1009 3919 1075 4014 qui
1108 3919 1270 4013 scriptus
1307 3920 1367 3992 est
1404 3919 1444 3991 in
1482 3917 1705 4013 evangelio:

267 4040 398 4114 “Oum
427 4035 595 4116 venisset
621 4042 728 4118 lesus
756 4043 797 4116 in
825 4042 1013 4117 Bethania
1041 4045 1133 4117 ante
1162 4063 1227 4118 sex
1256 4041 1335 4116 dies
1364 4042 1544 4139 paschae,
1579 4046 1621 4118 et
1647 4063 1706 4116 ce·

344 4335 520 4417 ¹Superius
541 4337 621 4398 dixit
650 4338 836 4402 Bethaniam
866 4340 905 4401 ab
938 4339 1167 4419 Hierosolymis
1199 4337 1321 4400 distare
1351 4337 1437 4399 mille
1465 4347 1498 4400 et
1517 4338 1704 4417 quingentos

262 4452 393 4516 passus,¹
405 4435 456 4497 hic
477 4443 583 4498 autem
601 4438 661 4498 duo
682 4436 826 4498 milliaria
840 4438 910 4516 (btv.
926 4438 1031 4498 Ioann.
1046 4439 1105 4513 XI,
1122 4437 1169 4514 18,
1191 4435 1303 4499 stadiis
1324 4434 1520 4518 quindecim),
1535 4435 1620 4500 idem
1633 4456 1706 4515 quo·

263 4556 322 4614 que
354 4557 372 4597 a
403 4533 578 4598 Theodosio
608 4536 677 4616 (De
698 4542 782 4597 terra
803 4543 919 4610 sancta,
941 4538 961 4616 ξ
982 4535 1040 4618 14)
1073 4535 1240 4606 asseritur:
1274 4536 1351 4597 «De
1380 4533 1580 4598 Hierusalem
1608 4554 1706 4614 usque
1756 4530 1759 4545 ⁸

264 4631 450 4693 Bethaniam
471 4637 546 4692 sunt
566 4630 664 4692 millia
684 4631 754 4710 duo,
775 4631 829 4693 ubi
849 4631 1049 4694 resuscitavit
1069 4632 1222 4694 Dominus
1243 4640 1350 4694 noster
1370 4633 1460 4694 Iesus
1485 4631 1629 4695 Christus
1649 4632 1706 4694 La

262 4750 375 4806 zaram,
398 4737 430 4791 at
450 4729 483 4790 in
503 4729 745 4791 resuscitatione
765 4729 864 4791 sancti
879 4728 990 4790 Lazari
1010 4730 1043 4790 in
1057 4730 1124 4808 ipso
1138 4731 1205 4790 loco
1221 4736 1293 4790 ente
1314 4729 1459 4808 pascham
1480 4729 1530 4792 die
1553 4730 1704 4793 dominico

263 4828 363 4889 omnis
384 4827 519 4906 populus
539 4835 757 4906 congregatur,
778 4835 811 4889 et
831 4829 946 4891 missae
968 4829 1200 4890 celebrantur.»
1234 4827 1324 4902 Quod
1345 4836 1449 4890 eutem
1471 4828 1550 4890 dicit
1569 4829 1707 4892 Theodo-

264 4926 338 5002 sius,
359 4945 421 4986 non
443 4931 492 4986 est
511 4925 639 4986 veritati
659 4926 865 5004 consentiens,
886 4947 981 5004 quum
1000 4946 1062 4987 non
1082 4925 1135 4988 die
1155 4925 1308 4988 dominico
1330 4926 1387 4989 sed
1408 4927 1537 4988 sabbato
1559 4935 1631 4990 ante
1652 4928 1704 4991 do·

262 5024 405 5084 minicam
425 5023 595 5103 palmarum
615 5023 671 5085 has
693 5024 903 5087 caeremonias
924 5025 956 5085 in
977 5024 1105 5086 Lazario
1127 5032 1212 5086 actes
1234 5045 1305 5088 esse
1326 5032 1460 5103 constet,
1476 5046 1605 5106 eumque
1620 5027 1705 5090 diem

262 5123 425 5184 sabbatum
446 5120 557 5182 Lazari
578 5142 597 5182 a
617 5121 747 5183 Graecis
768 5123 862 5183 etiam
882 5142 962 5184 nunc
982 5123 1097 5185 vocari.

342 5219 458 5281 2Hanc
479 5219 641 5281 ecclesiam
662 5221 695 5281 in
715 5221 792 5296 loco,
813 5221 866 5281 ubi
887 5221 1011 5283 Martha
1031 5221 1154 5283 obviam
1183 5220 1244 5282 ivit
1263 5221 1396 5283 Domino
1417 5222 1535 5304 (Toanu.
1556 5223 1615 5301 XI,
1637 5225 1704 5304 20),

263 5319 302 5378 ab
322 5315 383 5377 alio
406 5317 557 5395 scriptore
578 5326 778 5379 memoratam
800 5338 870 5380 esse
889 5339 951 5380 non
970 5321 1108 5399 reperio;
1130 5319 1340 5381 tantummodo
1361 5320 1570 5400 Hieronymus
1583 5323 1701 5384 indicat

262 5416 431 5496 hospitium
451 5417 614 5478 Marthae:
637 5417 743 5478 «Post
762 5417 905 5497 ingressa
921 5419 1043 5500 (Paula)
1059 5418 1235 5497 sepulcrum
1256 5417 1374 5498 Lazari,
1389 5420 1508 5482 Mariae
1530 5426 1562 5483 et
1581 5421 1706 5484 Martae

263 5513 345 5576 vidit
358 5514 535 5595 hospitium.
548 5538 563 5574 »

1543 5651 1577 5708 12
