4622 6572
608 696 654 762 44
1103 715 1129 762 s.
1155 715 1557 762 6111166166666161116

608 955 721 1028 agere
740 933 909 1026 debeam,
930 957 1007 1009 non
1027 935 1150 1011 dicam
1177 937 1218 1009 in
1245 937 1304 1012 his
1331 936 1453 1009 tantis
1482 938 1521 1009 61
1548 935 1703 1024 talibus,
1733 956 1832 1030 quae
1860 933 1960 1007 circa
1990 951 2062 1004 ma

607 1059 777 1134 conterre
805 1060 985 1156 dignatus
1013 1065 1072 1135 eet
1099 1061 1295 1156 indignam
1333 1064 1373 1136 61
1409 1083 1485 1134 nou
1523 1064 1746 1150 merentem,
1776 1063 1822 1132 ut
1850 1058 2063 1154 perambu-

606 1183 727 1258 larem
755 1187 883 1260 omnia
901 1187 995 1277 loca,
1018 1209 1116 1282 quae
1136 1187 1211 1261 mei
1230 1187 1358 1262 meriti
1378 1209 1454 1260 non
1474 1190 1605 1261 eraut:
1626 1190 1758 1260 tamen
1778 1187 1898 1259 etiam
1917 1185 1957 1256 et
1977 1181 2064 1254 illis

607 1312 783 1386 omnibus
821 1313 961 1386 sanctis
989 1335 1059 1388 nec
1095 1314 1238 1388 sufficio
1267 1315 1411 1408 gratias
1440 1335 1568 1408 agere,
1598 1313 1780 1408 quoniam
1815 1311 2064 1406 parvitatem

606 1459 732 1510 meam
762 1437 1022 1534 dignabantur
1040 1439 1080 1513 in
1099 1440 1178 1512 suis
1197 1439 1438 1513 monasteriis
1457 1438 1594 1512 libenti
1614 1439 1741 1511 animo
1762 1437 1964 1531 suscipere,
1993 1433 2064 1506 vel

544 1572 578 1628 37
607 1565 710 1636 certe
729 1585 796 1658 per
815 1564 943 1637 omnia
958 1565 1041 1638 lora
1065 1564 1070 1656 Ι
1096 1565 1291 1656 deducere,
1317 1587 1415 1659 quae
1433 1585 1503 1660 ego
1523 1563 1633 1637 iuxta
1652 1563 1859 1658 scripturas
1878 1561 2062 1658 require·

607 1686 708 1759 bam.
729 1687 890 1761 Plurimi
918 1692 1050 1762 autem
1078 1711 1124 1763 ex
1143 1689 1233 1785 ipsis
1251 1690 1404 1774 sanctis,
1420 1689 1486 1783 qui
1504 1689 1545 1761 16
1564 1691 1735 1762 61661616
1763 1687 1833 1760 Dei
1862 1686 1925 1761 161
1954 1685 2065 1758 61166

607 1809 731 1904 166616
760 1813 1107 1902 commorabantur,
1137 1812 1286 1908 dignati
1303 1816 1394 1886 sunt
1413 1835 1481 1886 nos
1500 1811 1679 1908 usquein
1698 1811 1823 1884 Faran
1844 1809 2064 1894 deducere;
2107 1794 2112 1803 ’

608 1937 674 2030 661
702 1941 833 2012 tamen
860 1939 1012 2013 fortiori
1039 1961 1195 2034 corpore
1223 1941 1345 2013 erant.

687 2062 742 2137 Ae
767 2063 820 2136 sio
848 2086 938 2160 ergo
966 2087 1054 2138 cum
1080 2063 1381 2159 pervenissemus
1408 2063 1545 2153 Faran,
1576 2063 1678 2158 quod
1705 2063 1756 2136 sit
1780 2085 1803 2135 a
1823 2063 1956 2136 monte
1986 2059 2067 2133 Dei

606 2186 714 2260 milia
741 2188 903 2284 triginta
936 2193 978 2262 et
1009 2179 1217 2284 quinquel,
1254 2209 1404 2264 necesse
1432 2211 1500 2262 nos
1530 2189 1605 2261 fuit
1633 2187 1687 2261 ibi
1715 2187 1764 2260 ad
1784 2185 2064 2262 resumendum

606 2312 723 2386 biduo
755 2313 963 2388 immorari.
1003 2315 1057 2387 Ac
1084 2315 1204 2388 tertia
1233 2314 1293 2388 die
1326 2313 1413 2387 inde
1447 2316 1687 2388 maturantes
1718 2313 1894 2387 16616166
1929 2313 2061 2386 denuo

606 2438 656 2512 ad
691 2439 941 2531 mansionem,
979 2438 1018 2512 id
1050 2444 1109 2514 est
1141 2439 1181 2511 in
1215 2439 1407 2513 desertum
1443 2430 1611 2526 Faran²;
1641 2439 1708 2512 ubi
1733 2441 1773 2513 et
1791 2440 1927 2512 euntes
1948 2460 2063 2510 man·

607 2585 792 2656 seramus,
825 2565 923 2639 sicut
961 2568 1001 2670 et
1033 2566 1206 2659 superius
1243 2565 1332 2639 dixi.
1366 2566 1459 2640 Inde
1497 2566 1620 2638 denuo
1658 2565 1735 2638 alia
1772 2564 1832 2637 die
1872 2563 2064 2638 facientes

608 2711 761 2784 aquam,
790 2691 831 2762 61
858 2692 994 2762 666166
1023 2690 1147 2762 adhuc
1175 2690 1458 2784 aliquantulum
1494 2690 1596 2764 inter
1633 2691 1785 2762 montes
1813 2687 2064 2783 pervenimus

608 2813 657 2887 ad
685 2815 933 2904 mansionem,
967 2837 1065 2910 quae
1099 2819 1183 2890 erat
1216 2817 1293 2888 iam
1327 2837 1440 2911 super
1473 2839 1592 2907 mare,
1626 2815 1666 2887 id
1704 2816 1762 2888 est
1800 2815 1840 2887 in
1877 2835 1922 2887 eo
1961 2814 2063 2901 loco,

608 2938 674 3010 ubi
703 2937 780 3011 iam
809 2938 855 3012 de
888 2939 989 3012 inter
1020 2942 1170 3013 montes
1206 2942 1344 3031 exitur,
1379 2942 1419 3012 et
1451 2940 1633 3034 incipitur
1662 2939 1788 3012 denuo
1817 2939 1948 3013 totum
1981 2937 2065 3009 iam

607 3062 719 3136 iuxta
753 3086 859 3137 mare
887 3064 1078 3138 ambulari
1095 3056 1128 3154 3;
1159 3067 1211 3139 616
1241 3068 1372 3139 161666
1405 3065 1514 3139 iuxta
1543 3087 1659 3156 mare,
1685 3076 1731 3138 ut
1760 3064 1888 3138 subito
1917 3063 2063 3137 fluctus

608 3185 839 3261 animalibus
866 3187 979 3283 pedes
1007 3188 1136 3276 cedat;
1167 3189 1294 3262 subito
1314 3189 1432 3262 etiam
1451 3189 1550 3262 etin
1577 3192 1732 3262 centum
1751 3192 1791 3262 et
1810 3188 1852 3260 in
1873 3187 2063 3262 ducentos

608 3333 752 3406 passae,
782 3311 1012 3406 aliquotiens
1031 3313 1149 3385 etiam
1177 3316 1217 3386 et
1235 3291 1455 3408 plusquam
1484 3314 1713 3409 quingentos
1737 3335 1870 3408 passus
1890 3312 1937 3386 de
1958 3311 2062 3384 mari

608 3457 676 3530 per
703 3435 900 3509 heremum
920 3435 1160 3509 ambuletur:
1180 3437 1244 3512 116
1262 3437 1363 3510 enim
1383 3437 1461 3510 illio
1479 3437 1632 3531 penitus
1650 3460 1729 3511 non
1747 3439 1816 3526 661,
1841 3435 1906 3510 sed
1925 3439 2060 3509 totum

608 3559 754 3634 heremi
771 3563 864 3634 sunt
881 3581 1063 3635 arenosae
1080 3551 1105 3635 ⁴.
1135 3561 1315 3635 Farauite
1343 3563 1486 3652 autem,
1504 3561 1570 3656 qui
1589 3562 1643 3634 ibi
1669 3563 1951 3636 consueverunt
1977 3583 2060 3633 am·

610 3783 704 3864 (saec.
719 3783 794 3864 XV)
810 3791 907 3845 totam
927 3783 1009 3846 vidit
1030 3803 1180 3864 61616661,
1200 3791 1236 3844 61
1257 3785 1451 3846 solummodo
1466 3785 1656 3846 6166161666
1677 3790 1818 3846 66166161
1838 3785 1871 3843 16
1885 3783 1966 3846 66116
1982 3783 2067 3844 16161

610 3882 689 3943 duos
710 3888 841 3943 montes.
862 3883 902 3943 Id
923 3886 1138 3962 comprobatur
1157 3883 1329 3962 parietinis,
1349 3905 1426 3961 6666
1441 3905 1529 3944 16166
1544 3884 1576 3944 16
1591 3885 1670 3944 66116
1694 3885 1936 3944 El-Mcbarrad
1958 3903 2066 3961 super-

608 3988 682 4044 sunt
702 4002 799 4062 prope
819 3989 955 4044 mentem
976 3983 1085 4044 Ser-bal
1106 3983 1136 4042 in
1160 3983 1251 4060 16116,
1272 4003 1349 4059 6666
1370 3983 1470 4042 adhuc
1490 4003 1602 4044 nomen
1625 3982 1742 4044 retinet
1765 3983 1867 4042 Oucdr'
1881 3985 2014 4043 Fer'raa.

691 4081 802 4143 ι111616
822 4081 1019 4142 intervallum
1033 4080 1066 4140 16
1080 4081 1175 4142 Petro
1197 4082 1284 4141 Diao.
1298 4083 1330 4162 (l.
1345 4082 1384 4162 o.)
1406 4089 1544 4160 notatur,
1560 4103 1653 4159 quum
1667 4081 1834 4160 peregrina
1847 4081 1974 4142 Pharan
1993 4101 2065 4160 per·

609 4179 739 4241 1661666
759 4180 821 4241 1161
852 4179 1420 4258 61816616166116161.1116666111
1448 4180 1573 4242 Pharan
1599 4180 1742 4242 extitisse
1768 4186 1906 4259 putatur,
1931 4180 1973 4241 ad
2003 4199 2066 4240 616

608 4276 780 4336 6661611661
801 4275 982 4336 Sinaiticnm
993 4275 1099 4338 kilom.
1114 4275 1319 4354 quadraginta
1333 4276 1455 4337 circiter
1475 4277 1731 4338 adnumerantur:
1753 4277 1847 4356 idque
1869 4278 1965 4338 situm
1987 4275 2063 4338 civi·

609 4373 686 4434 tatis
707 4372 848 4434 funditus
869 4373 990 4434 deletae
1011 4393 1071 4434 non
1092 4394 1200 4451 parum
1221 4382 1344 4436 sustent
1364 4381 1386 4435 t.

622 4457 627 4464 ⁸
689 4471 1041 4549 ε1166611661Ρ116166,
1064 4471 1145 4548 quod
1169 4472 1323 4534 habitavit
1349 4474 1465 4536 Ismael
1488 4473 1577 4555 (Gen.
1600 4475 1694 4554 XXI,
1716 4477 1778 4554 21),
1800 4481 1885 4536 16616
1914 4473 1948 4534 16
1977 4472 2062 4534 16116

611 4573 729 4631 Fcr'rua
749 4571 924 4631 collocatur.
946 4570 996 4630 Ibi
1017 4570 1111 4631 statio
1131 4572 1232 4631 Israel
1256 4573 1364 4652 (Exod.
1386 4571 1480 4652 XVI,
1502 4577 1528 4654 1,
1551 4576 1602 4655 26)
1624 4575 1707 4635 inter
1727 4574 1809 4634 Elim
1824 4581 1856 4634 et
1870 4572 1965 4650 Sinai,
1982 4591 2063 4650 quae

611 4676 644 4729 et
664 4668 777 4729 dicitur
797 4668 955 4730 desertum
977 4667 1040 4728 Sin.
1061 4669 1100 4729 In
1119 4669 1223 4732 reditu
1244 4691 1261 4731 e
1283 4671 1367 4732 Sinai
1388 4672 1501 4735 iterum
1521 4674 1694 4752 permansit
1713 4671 1813 4733 Israel
1834 4671 1867 4732 in
1888 4671 2062 4732 solitudine

612 4767 738 4827 Pharan
759 4767 861 4846 (Num.
883 4767 925 4843 X,
948 4769 1009 4846 12).

692 4863 704 4898 ³
725 4865 812 4925 Haeo
833 4865 961 4942 mansio,
983 4864 1023 4926 ad
1044 4885 1127 4927 mere
1139 4868 1274 4947 rubrum,
1295 4868 1438 4930 collocari
1458 4890 1519 4931 non
1538 4877 1645 4950 potest
1660 4869 1725 4931 nisi
1744 4870 1778 4930 16
1793 4870 1879 4932 exitu
1899 4867 2063 4946 166611661,

613 4963 646 5022 16
673 4965 907 5040 Wudp-Lalrorn
928 4963 968 5023 ad
988 4964 1149 5025 meridiem
1174 4967 1286 5026 montis
1308 4970 1645 5028 Hammon-Ferocem
1668 4989 1727 5046 quo
1750 4976 1946 5046 transgresso
1968 4967 2064 5028 vallis

617 5061 800 5121 Glarandrl
820 5061 967 5140 aperitur,
988 5063 1041 5122 ubi
1061 5065 1251 5126 mansionem
1272 5067 1353 5126 Elim
1372 5069 1480 5148 (Exod.
1503 5067 1575 5146 XV,
1598 5070 1646 5146 27,
1666 5068 1755 5146 XVI,
1771 5069 1803 5148 4)
1815 5066 1913 5126 fuisse
1935 5063 2064 5143 plurimi

614 5156 800 5216 6661661661
821 5156 992 5236 (Robinson
1014 5179 1040 5219 6.
1062 5179 1087 5218 c.
1102 5160 1128 5236 I,
1146 5183 1216 5240 pag.
1231 5163 1293 5242 69).
1309 5165 1349 5222 Et
1360 5170 1444 5225 recte
1454 5187 1460 5224 :
1472 5186 1544 5225 nam
1558 5165 1591 5224 id
1605 5165 1776 5242 Peregrina
1794 5185 1851 5228 666
1865 5164 1967 5241 docet,
1983 5161 2064 5223 utin

614 5253 710 5312 Petro
725 5252 851 5312 diacono
872 5254 1035 5316 habemus:
1053 5279 1068 5313 ‹
1083 5258 1145 5318 Por
1167 5256 1303 5320 triduum
1324 5261 1363 5321 de
1381 5261 1507 5323 sinistro
1525 5263 1670 5323 heremus
1690 5270 1739 5324 est
1755 5263 1903 5339 infinitus,
1915 5281 2018 5338 usqne
2034 5261 2064 5318 in

615 5349 724 5426 locum,
739 5350 790 5425 qui
804 5349 918 5410 dicitur
931 5352 1092 5414 Arandara
1108 5354 1328 5438 (Gtaraudcl).
1350 5359 1511 5420 Arandara
1525 5369 1629 5422 661661
1644 5368 1693 5422 661
1707 5363 1801 5439 16666,
1818 5361 1869 5437 661
1885 5360 2063 5438 appellatus

617 5453 667 5506 est
688 5445 793 5506 Helim
808 5469 835 5506 ›.

697 5545 710 5577 ⁴
730 5545 760 5604 A
781 5545 860 5606 16116
885 5546 1064 5608 Gbcraadel
1084 5569 1181 5625 66666
1203 5551 1242 5611 ad
1264 5553 1341 5614 Saea
1361 5561 1445 5616 16116
1465 5555 1590 5616 deserta
1611 5566 1643 5619 et
1665 5558 1756 5619 valde
1784 5556 1942 5618 laboriosa
1966 5557 2064 5635 porri·
