4622 6572
819 602 864 646 na
887 601 1064 646 nrsrnnus
1087 601 1132 645 ar
1155 601 1262 646 nrum
1657 599 1659 602 ·
1743 581 1764 648 7

324 843 452 896 rerum
472 843 552 897 esse
571 821 770 896 indicium:
801 825 841 898 et
868 843 955 896 cum
977 821 1012 896 ei
1032 822 1161 895 omnia
1188 812 1377 896 subiecta¹
1408 822 1495 913 sint,
1517 821 1768 910 constitutio·¹

323 969 411 1022 nem
439 951 570 1023 tamen
598 948 679 1022 eius
707 949 747 1021 in
775 971 820 1022 ea
848 949 974 1041 adire,
1003 970 1101 1044 quae
1129 948 1243 1042 digna
1272 951 1373 1021 sunt.
1394 947 1537 1022 Verum
1556 949 1653 1022 nihil
1672 954 1763 1024 ante

324 1072 370 1146 de
397 1067 565 1146 moribus
594 1071 699 1170 ann
727 1075 813 1147 erat
840 1057 996 1162 dictum,
1027 1067 1083 1144 ut'
1100 1071 1181 1145 eius
1209 1071 1336 1144 hostia
1364 1070 1600 1167 displiceret;
1630 1073 1695 1147 sed
1723 1075 1762 1147 in

322 1197 393 1290 his,
423 1220 520 1294 quae
548 1200 750 1273 consecuta
778 1200 893 1288 sunt,
923 1197 995 1270 Dei
1023 1195 1265 1292 providentia
1292 1195 1545 1288 intelligitur,
1580 1197 1763 1272 sacrificia

323 1322 404 1396 eius
443 1313 447 1422 Ι
477 1345 553 1396 non
580 1323 818 1419 recipientis,
848 1322 914 1417 qui
941 1324 1185 1416 grassaturus
1214 1323 1314 1394 esset
1350 1323 1390 1393 in
1419 1321 1589 1397 fratrem.
1623 1322 1763 1396 Futuri
1789 1349 1806 1406 5

324 1446 425 1522 enim
455 1449 557 1543 apud
584 1448 708 1522 Deum
732 1448 899 1542 cognitio
919 1447 1011 1520 fides
1031 1446 1124 1520 facti
1151 1448 1229 1521 est:
1258 1469 1349 1518 nam
1377 1446 1442 1540 qui
1471 1441 1763 1542 perempturus²

323 1575 418 1665 erat,
447 1578 648 1668 tamquam
675 1573 752 1646 iam
780 1573 1004 1668 perimisset,
1027 1573 1099 1648 Dei
1127 1572 1392 1668 conspectione
1419 1594 1497 1645 non
1525 1571 1661 1667 dignus
1689 1575 1759 1648 est.

324 1699 370 1771 In
399 1700 550 1773 cultura
578 1720 669 1774 vero
696 1702 823 1772 terrae
851 1699 1078 1794 significatio
1098 1721 1257 1794 operum
1280 1698 1491 1772 carnalium
1520 1700 1760 1788 continetur;

323 1827 363 1898 et
391 1825 513 1898 omnis
541 1824 689 1900 fructus
719 1825 842 1899 carnis
870 1826 911 1898 in
938 1824 1044 1900 vitiis
1072 1828 1141 1916 est,
1170 1846 1268 1920 quae
1287 1824 1537 1898 abhorrentes
1565 1826 1644 1900 Deo
1673 1848 1760 1900 con·

322 1952 493 2046 spectum
531 1973 554 2022 a
592 1972 631 2024 se
659 1950 742 2024 eius
770 1945 1015 2046 appellunt³z
1045 1973 1122 2024 non
1149 1949 1353 2044 respicitur
1381 1971 1470 2043 ergo
1504 1949 1553 2023 ad
1580 1949 1759 2040 hostiam,

324 2095 421 2168 quae
448 2095 495 2148 ex
523 2075 807 2170 operationibus
843 2076 972 2148 terrae
1009 2077 1087 2164 est,
1118 2065 1158 2149 et
1186 2073 1289 2147 solae
1321 2075 1362 2146 in
1400 2072 1574 2168 adipibus
1611 2073 1763 2169 placent

322 2199 452 2275 ovium
479 2200 693 2295 primitiae,
724 2201 865 2275 interni
892 2200 1072 2275 videlicet
1100 2199 1258 2289 fructus,
1292 2202 1332 2272 et
1365 2198 1483 2294 ipsius
1511 2199 1762 2273 conscientiae

322 2326 478 2400 nostrae
506 2325 688 2400 sacrificia
716 2326 921 2416 delectant,
951 2347 1125 2421 quaeque
1145 2325 1184 2398 in
1203 2323 1383 2418 primitiis
1411 2325 1542 2398 ovium
1569 2325 1761 2420 placentia

230 2497 231 2502 =
321 2453 565 2545 conspectum
583 2451 624 2523 in
643 2473 682 2526 se
703 2450 855 2525 divinae
873 2451 1087 2526 voluntatis
1106 2449 1288 2524 invitant.
1315 2447 1410 2521 Cum
1439 2449 1540 2522 enim
1568 2449 1761 2544 primitiae

322 2573 495 2649 Christus
532 2577 603 2668 sit,
632 2575 908 2671 primogenitus
943 2578 1162 2662 creaturae;
1196 2572 1473 2669 primogenitus
1501 2596 1547 2648 ex
1583 2575 1757 2665 mortuis,

320 2701 491 2800 princeps
521 2702 640 2777 etiam
668 2702 921 2794 sacerdotum,
951 2705 997 2774 ut
1024 2701 1136 2774 sitin
1165 2699 1342 2774 omnibus
1369 2698 1577 2794 primatum
1604 2701 1759 2789 tenens;

321 2828 400 2924 ipse
429 2829 548 2902 etiam
568 2828 662 2920 ovis,
683 2831 723 2903 et
743 2828 951 2902 secundum
971 2847 1190 2920 corpoream
1209 2824 1457 2900 nativitatem
1479 2847 1578 2898 unus
1607 2847 1653 2900 ex
1680 2826 1760 2901 ovi·

320 2952 412 3028 bus:
441 2953 667 3028 sacrificium
686 2951 785 3026 Abel
804 2953 881 3025 iarn
900 2953 970 3026 sub
990 2953 1229 3026 sacramento
1255 2950 1435 3024 ecclesiae
1463 2950 1660 3044 probabile
1689 2955 1758 3042 est,

321 3101 419 3174 quae
447 3078 620 3173 deinceps
650 3082 748 3154 esset
782 3101 828 3152 ex
866 3077 1044 3174 primitiis
1079 3076 1206 3154 ovium
1246 3076 1369 3150 saneti
1402 3076 1566 3171 corporis
1593 3077 1760 3151 hostiam

321 3206 554 3300 praebitura.
570 3204 723 3281 Invidet
742 3206 873 3299 itaque
892 3203 1034 3300 placito
1054 3202 1264 3299 displicens,
1281 3205 1321 3278 et
1338 3205 1472 3277 contra
1487 3201 1559 3277 Dei
1579 3202 1759 3292 edictum,

324 3333 367 3403 ut
396 3331 617 3426 quiesceret,
647 3329 898 3419 admonentis,
927 3327 1135 3423 probabilis
1159 3327 1207 3400 ab
1235 3326 1481 3421 improbabili
1509 3325 1758 3401 interficitur:

321 3476 408 3550 reus
428 3455 476 3528 ad
495 3453 739 3528 confessionis
753 3452 1029 3548 poenitentiam
1046 3451 1321 3546 interrogatur,
1339 3449 1404 3524 sed
1420 3450 1467 3523 ad
1483 3449 1758 3525 incrementum

321 3579 487 3658 criminis
514 3582 642 3674 negat,
672 3578 874 3673 desperans
901 3577 1229 3664 resurrectionem,
1260 3575 1546 3649 dissolvendum
1577 3597 1616 3650 se
1635 3577 1758 3648 morte

321 3703 534 3792 existimat3
564 3703 630 3777 sed
656 3723 809 3797 gemens
838 3704 878 3775 et
908 3703 1076 3782 tremens
1109 3699 1157 3772 ad
1188 3699 1372 3773 iudicium
1405 3698 1564 3772 ultionis
1593 3699 1756 3792 septem·

320 3828 426 3925 plicis
454 3830 692 3918 reservatur,
722 3829 763 3900 et
791 3827 838 3899 ab
867 3825 972 3899 omni
998 3828 1102 3898 terra
1130 3824 1355 3919 sanguinem
1382 3822 1512 3896 fratris
1545 3823 1756 3918 excipiente

319 3953 571 4028 maledicitur.
601 3950 874 4046 Interpretatio
903 3952 1034 4025 autem
1067 3949 1232 4023 nominis
1269 3947 1374 4045 ann
1402 3948 1502 4022 risus
1522 3939 1632 4034 est⁴;
1663 3947 1759 4020 Abel

321 4081 451 4154 autem
471 4079 594 4154 fletus.
616 4076 812 4172 Numquid
831 4099 908 4149 non
928 4098 985 4166 ea,
1001 4097 1099 4170 quae
1114 4072 1309 4170 superiore
1325 4075 1426 4164 sunt,
1443 4073 1757 4147 consummantur

320 4208 359 4278 in
379 4203 553 4300 populisl
575 4203 725 4278 Oblatio
746 4202 904 4276 iunioris
924 4204 983 4275 est
1001 4199 1163 4298 placita:
1184 4199 1342 4272 iudaeus
1362 4197 1509 4272 invidet
1536 4195 1755 4287 christiane,

320 4330 368 4404 ad
396 4329 549 4404 caedem
577 4329 659 4402 eius
687 4326 830 4401 frustra
866 4350 889 4399 a
916 4325 1113 4422 prophetis
1141 4323 1310 4398 monitus
1339 4323 1502 4410 exarsit;
1532 4319 1683 4396 veniam
1709 4341 1758 4392 ne

320 4455 525 4552 peripsam
541 4453 694 4550 quidem
709 4452 982 4527 confessionem
998 4449 1258 4545 poenitentiae
1274 4448 1514 4520 consectatur
1528 4467 1535 4518 :
1552 4445 1618 4520 sed
1632 4444 1757 4518 audax

319 4582 399 4656 Deo
427 4580 668 4656 commissum
695 4579 816 4653 scelus
837 4578 1014 4673 abnegat,
1036 4576 1237 4672 desperans
1256 4572 1543 4649 resurrectionis
1571 4572 1754 4668 gloriam:

320 4707 607 4802 subiectasque
621 4707 732 4802 capta
750 4703 1001 4792 Hierusalem,
1021 4701 1301 4775 dominantium
1327 4697 1523 4793 potestati,
1544 4717 1696 4793 gemens
1718 4699 1757 4769 et

321 4837 487 4909 tremens
517 4831 673 4905 ultionis
693 4820 856 4904 iudicio⁵
871 4830 1101 4904 reservatur.
1121 4827 1195 4900 Per
1222 4828 1343 4921 ipsam
1371 4811 1757 4918 interpretationem6

400 5083 407 5113 ¹
425 5073 543 5135 Iterum
563 5072 704 5152 superius
719 5070 867 5150 scriptum
882 5076 931 5132 est
946 5077 972 5132 et
986 5105 1026 5116 -
1041 5077 1051 5108 ²
1066 5075 1277 5148 perematurus
1293 5102 1328 5112 —
1346 5073 1357 5106 ³
1372 5085 1414 5127 sc.
1430 5065 1588 5144 depellunt
1608 5099 1648 5110 -
1669 5072 1679 5104 ⁴
1694 5065 1725 5126 N
1726 5085 1756 5125 o-

318 5171 410 5232 minis
429 5171 505 5233 (lain
524 5192 605 5233 nova
625 5171 701 5232 mihi
720 5171 845 5233 videtur
865 5171 941 5230 haec
962 5166 1164 5248 etymologia:
1185 5173 1291 5227 contra
1312 5165 1393 5228 enim
1406 5163 1546 5226 Isidorus
1569 5164 1668 5246 (Orip.
1682 5165 1756 5244 VII,

262 5309 267 5318 ·
319 5289 344 5330 c.
366 5269 404 5350 6)
426 5269 550 5331 scribit:
574 5267 690 5332 «Idem
712 5268 813 5350 (Cain)
830 5273 862 5330 et
875 5267 1064 5345 lamentatio,
1080 5285 1115 5327 eo
1130 5264 1211 5343 quod
1224 5284 1279 5343 pro
1293 5262 1456 5324 interfecto
1472 5263 1553 5324 Abel
1573 5261 1756 5323 interfectus

320 5371 419 5450 aibat
438 5389 569 5450 poenam
589 5371 639 5432 sui
666 5367 794 5432 sceleris
821 5367 951 5429 dederit.
979 5367 1061 5428 Abel
1088 5366 1189 5428 luctus
1216 5365 1437 5444 interpretatur
1459 5387 1474 5422 ›
1498 5399 1537 5409 -
1558 5371 1569 5404 ⁶
1591 5361 1757 5425 iudicii-
1831 5417 1833 5422 ,

319 5479 330 5511 ⁶
345 5469 619 5549 interpretationis.
