4622 6572
865 727 895 770 V.
918 725 964 772 DE
986 724 1174 772 mauman

307 817 766 829 Μ

1005 1227 1052 1304 V.

840 1509 900 1578 DE
927 1507 1211 1578 PEREGRINA.

386 1807 510 1894 Quum
536 1805 651 1880 huius
678 1803 995 1902 peregrinationis
1022 1807 1174 1900 tempus
1206 1801 1308 1878 inter
1335 1824 1454 1876 anuos
1484 1800 1657 1877 ael-388
1678 1801 1742 1877 vel

306 1947 355 2023 ad
373 1947 499 2022 minus
518 1949 648 2022 aetate
667 1945 869 2022 Theodosii
896 1944 1026 2041 magni
1053 1967 1100 2020 ex
1127 1944 1377 2040 argumentis,
1396 1945 1437 2019 ni
1457 1944 1582 2036 fallor,
1596 1965 1741 2040 nequa·

305 2115 421 2188 quam
436 2091 643 2168 levioribus
662 2088 919 2167 definiendum
937 2089 1081 2184 curavi,
1101 2089 1229 2186 magni
1249 2112 1350 2165 nunc
1368 2089 1529 2164 interest
1545 2109 1742 2185 quaerere,

306 2255 405 2332 quae
432 2234 495 2333 pia
533 2234 702 2310 foemina
739 2234 867 2330 luerit,
897 2255 994 2330 quae
1026 2233 1120 2308 haec
1147 2232 1244 2306 talia
1281 2233 1481 2329 peregerit,
1519 2231 1744 2328 scriptisque

305 2376 516 2473 reliquerit.
533 2375 668 2450 Omnia
681 2376 765 2452 loca
779 2379 923 2467 sancta,
938 2374 987 2449 ad
1003 2397 1101 2472 quae
1115 2375 1300 2452 orationis
1312 2375 1441 2472 gratia
1455 2395 1496 2450 se
1512 2373 1743 2464 contulerat,

306 2543 420 2596 curae
447 2521 518 2596 sibi
546 2521 737 2596 maximae
772 2520 849 2595 fuit
880 2519 929 2594 ad
956 2542 1046 2594 suas
1082 2541 1230 2594 sorores
1262 2519 1507 2602 ‚venerabiles
1544 2539 1742 2614 exponere,

243 2771 246 2777 Ι
307 2669 425 2762 atque
452 2688 564 2739 suum
592 2665 728 2740 fuisset
755 2663 929 2755 officium,
959 2663 1284 2739 coeremoniarum
1314 2662 1743 2760 hierosolymitanorum

305 2809 488 2883 notitiam
506 2807 645 2884 addere
659 2799 682 2885 ¹.
704 2809 805 2896 Quas
822 2831 883 2884 res
901 2809 985 2905 ipsa
1011 2809 1176 2883 confecit
1194 2807 1361 2882 dictione
1380 2807 1552 2904 simplici,
1572 2809 1618 2880 ut
1636 2805 1668 2879 si
1686 2805 1742 2879 lo·

307 2955 503 3048 queretur,
532 2941 657 3026 verbis
686 2955 798 3027 utens
829 2951 1042 3028 vernaculis
1079 2951 1298 3048 aliquande.
1338 2950 1481 3038 Quibus
1514 2948 1744 3024 soloecismis

307 3119 346 3172 se
373 3117 496 3194 neque
514 3119 712 3171 romanam
732 3119 801 3172 nec
824 3097 959 3171 italam
987 3095 1114 3188 fuisse,
1143 3095 1208 3172 sed
1236 3095 1481 3172 occidentalis
1509 3093 1658 3191 imperii
1685 3116 1744 3169 re·

308 3241 482 3338 gionibus
510 3243 638 3314 ortam
667 3239 826 3337 detegit.

386 3385 511 3460 Huius
530 3384 658 3480 patrio
677 3383 796 3459 ferme
823 3383 899 3457 fuit
927 3383 1068 3458 Gallia:
1089 3406 1179 3458 nam
1197 3382 1340 3458 flumen
1368 3382 1603 3480 Euphratem
1626 3404 1744 3479 quum

309 3528 392 3624 ipsa
410 3527 581 3618 vidisset,
597 3526 694 3601 illud
713 3549 797 3602 cum
817 3527 1003 3602 Rhodano
1017 3527 1254 3624 comparavit
1264 3518 1288 3602 ².
1305 3526 1426 3624 Atqui
1440 3526 1647 3600 Rhodanus
1666 3549 1744 3600 uon

308 3669 421 3745 modo
440 3670 668 3767 Peregrinae
696 3669 791 3746 bene
818 3669 994 3767 cognitus
1022 3674 1134 3762 esset,
1154 3669 1220 3746 sed
1247 3670 1367 3746 etiam
1395 3669 1532 3766 quibus
1560 3669 1743 3745 scriberet

308 3814 510 3888 sororibus.
548 3813 655 3887 Alias
692 3813 839 3889 confert
876 3814 992 3889 maris
1018 3814 1126 3889 rubri
1163 3814 1329 3889 colorem
1357 3803 1444 3888 cum
1482 3813 1625 3905 oceani,
1653 3837 1743 3888 mox

307 3957 410 4030 illius
425 3955 540 4030 maris
555 3955 673 4052 pisces
691 3977 777 4030 cum
795 3957 912 4030 maris
931 3957 1050 4032 italici
1064 3947 1088 4031 ³.
1109 3957 1245 4054 ltaque
1260 3957 1423 4033 fortasse
1437 3956 1540 4031 inter
1558 3978 1742 4032 oceanum

307 4104 424 4198 atque
442 4121 548 4176 mare
566 4099 738 4174 italicum
758 4101 885 4197 patria
903 4123 984 4192 sua,
1002 4100 1197 4196 provincia
1216 4100 1440 4190 Galliarum,
1461 4101 1740 4197 porrigebatur.

308 4247 514 4321 Praeterea
533 4244 599 4318 ubi
618 4267 694 4340 qua
712 4243 866 4340 regione
885 4266 971 4319 eam
990 4243 1245 4340 demigratum
1264 4267 1345 4320 esse
1364 4245 1560 4341 episcopus
1581 4244 1744 4318 Edessae

306 4387 508 4486 perspexit,
538 4388 630 4462 haec
657 4387 693 4462 ei
721 4387 944 4484 alloquutus
973 4391 1031 4464 est
1058 4381 1212 4465 verba⁴:
1247 4393 1262 4424 ‘¹
1289 4388 1406 4464 Video
1430 4392 1482 4477 te,
1504 4387 1595 4479 filia,
1616 4389 1744 4485 gratia

389 4686 398 4723 ¹
413 4687 542 4766 Peregr.
563 4705 593 4766 p.
615 4687 670 4746 76:
694 4685 766 4746 «Ut
786 4691 889 4746 autem
910 4686 1005 4748 eoiret
1018 4685 1142 4749 affectio
1155 4691 1269 4766 vestra,
1285 4705 1362 4765 qnae
1376 4671 1513 4765 operatio
1532 4685 1663 4765 siugulis
1677 4683 1743 4746 die·

308 4787 367 4848 bus
387 4784 501 4847 cotidie
521 4785 562 4846 in·
574 4783 650 4845 loeis
670 4782 768 4845 sacris
798 4782 938 4860 habetur,
971 4793 1074 4848 certos
1094 4806 1150 4848 vos
1171 4785 1273 4848 facere
1294 4784 1426 4847 debui.»
1449 4785 1492 4844 Et
1511 4804 1541 4864 p.
1565 4786 1639 4848 104:
1672 4785 1744 4844 «Et

307 4883 387 4946 illud
398 4883 493 4945 etiam
504 4882 637 4945 scribere
648 4881 752 4960 debui,
764 4881 1018 4960 quemadmodum
1028 4883 1179 4946 docentur
1188 4884 1231 4964 hi,
1245 4884 1297 4962 qui
1314 4882 1523 4962 baptidiautur
1532 4902 1588 4962 per
1598 4883 1742 4961 pascha»

388 4981 542 5060 ²Peregr.
563 5001 593 5060 p.
614 4980 673 5040 63:
697 4978 839 5043 «flumen
859 5001 1005 5061 maguum
1025 4983 1215 5062 Euphraten,
1236 4982 1409 5061 elingens,
1431 4987 1464 5044 et
1484 4980 1573 5060 quasi
1593 4981 1744 5043 terribilia

308 5086 374 5158 est;
395 5079 441 5141 ita
461 5079 541 5141 euim
562 5078 699 5140 decurrit
718 5078 836 5141 babens
855 5079 1013 5161 impetum,
1033 5082 1115 5143 sicut
1133 5082 1228 5143 habet
1248 5079 1363 5142 fluvius
1383 5080 1564 5160 Rhodanus,
1578 5079 1640 5142 nisi
1661 5079 1745 5158 qnod

311 5175 411 5238 adhuc
430 5177 526 5239 maior
546 5183 597 5239 eet
617 5176 834 5255 Euphrates.»

389 5273 506 5337 ³Petr.
527 5275 566 5334 D.
588 5293 618 5352 p.
641 5273 714 5334 139:
748 5273 862 5336 «Mare
889 5281 993 5338 autern
1012 5277 1147 5338 rubrum.
1163 5322 1169 5338 .
1186 5321 1216 5337 ..
1238 5275 1315 5348 adeo
1337 5284 1386 5338 est
1404 5275 1552 5357 limpidus
1574 5281 1607 5337 et
1627 5275 1747 5353 praelu-

309 5370 385 5434 stris
406 5380 439 5434 et
457 5371 601 5450 frigidus,
622 5390 658 5432 ac
678 5371 705 5432 ei
727 5391 811 5433 mare
832 5391 986 5436 oceanum.
1004 5421 1012 5437 .
1027 5420 1058 5437 ..
1081 5375 1178 5437 Omne
1198 5381 1304 5437 autem
1320 5395 1419 5455 genus
1433 5373 1565 5456 piscium
1585 5374 1617 5436 iu
1638 5372 1746 5436 eodem

311 5489 394 5534 mare
414 5479 487 5534 suut
507 5469 588 5534 tanti
609 5467 738 5548 saporis,
759 5477 795 5532 ut
814 5469 917 5551 pisces
937 5473 1031 5537 maris
1051 5473 1188 5538 italici.»

388 5569 545 5648 ⁴Peregr.
566 5587 596 5647 p.
618 5567 666 5629 65.
