4604 6560
653 637 715 704 102
1141 658 1168 702 s.
1192 657 1324 703 6111111
1346 657 1594 706 161166116116

608 881 612 886 ’
650 875 893 973 Martyrium,
923 879 1045 951 omnis
1073 877 1236 974 populus
1263 899 1383 973 usque
1419 878 1468 952 ad
1500 901 1621 952 unum
1658 902 1746 953 cunr
1780 878 1908 977 ymnis
1948 879 2085 954 ducent

649 1001 864 1096 episcopum
893 1002 933 1074 in
961 1001 1083 1099 Syon:
1114 1002 1179 1077 sed
1206 1004 1301 1077 hora
1328 1003 1446 1078 tertia
1474 1005 1586 1100 plana
1608 1005 1649 1078 in
1669 1003 1773 1102 Syon
1791 1005 1882 1078 sint.
1902 1003 1978 1078 Ubi
1997 1026 2080 1079 cum

649 1129 810 1201 ventum
838 1126 967 1218 fuerit,
996 1127 1139 1223 legitur
1166 1128 1232 1202 1116
1259 1128 1366 1202 16666
1394 1128 1440 1201 16
1469 1128 1587 1205 Actus
1615 1130 1898 1226 apostolorum,
1929 1123 1997 1203 ribi
2023 1129 2082 1204 de·

650 1251 797 1326 scandit
824 1252 992 1347 spiritus,
1015 1257 1059 1326 61
1087 1274 1216 1328 omnes
1242 1252 1398 1348 linguae
1425 1253 1699 1349 intelligerent,
1720 1276 1820 1350 quae
1839 1253 2080 1328 dicebantur:

650 1375 895 1471 postmodum
922 1374 968 1449 fit
995 1376 1127 1450 ordine
1154 1399 1223 1452 suo
1251 1377 1378 1451 missa.
1406 1377 1505 1451 Nam
1535 1377 1735 1472 presbiteri
1762 1377 1808 1452 de
1836 1378 1908 1452 hoc
1935 1377 2045 1473 ipsud
2060 1370 2082 1468 ¹,

652 1501 754 1596 quod
780 1501 922 1576 lectum
951 1505 1011 1576 est
1038 1501 1145 1596 (quia
1172 1502 1251 1598 ipse
1279 1504 1338 1594 est
1365 1501 2083 1597 166661611611),61161661666616616

652 1629 727 1717 est,
755 1626 823 1699 ubi
858 1627 1051 1722 quondam
1089 1630 1177 1722 post
1209 1628 1420 1722 passionem
1456 1626 1609 1700 Domini
1641 1626 1801 1702 collecta
1837 1631 1922 1702 erat
1958 1626 2084 1700 multi·

651 1750 747 1825 tudo
770 1773 856 1825 cum
884 1751 1078 1847 apostolia,
1100 1755 1244 1848 quando
1263 1753 1334 1827 hoc
1361 1751 1506 1827 factum
1536 1756 1607 1843 est,
1637 1755 1683 1826 ut
1710 1753 1883 1848 superius
1911 1751 2084 1840 diximus

651 1877 787 1973 legunt
814 1877 866 1950 ibi
903 1877 950 1952 de
986 1878 1135 1952 actibus
1173 1880 1444 1974 apostolorum.
1483 1878 1732 1953 Postmodum
1770 1878 1815 1954 fit
1853 1879 1986 1955 ordine
2021 1901 2087 1954 suo

653 2001 787 2076 missa:
817 2003 977 2077 offertur
1003 2007 1044 2078 61
1069 2004 1125 2078 ibi
1152 2005 1290 2078 etiam:
1314 2005 1357 2077 ut
1376 2003 1597 2077 dimittatur
1615 2003 1788 2100 populus,
1808 2003 1935 2078 mittit
1952 2025 2083 2079 166661

653 2126 953 2219 archidiaconus
981 2129 1022 2202 61
1050 2127 1169 2202 dicet:
1198 2127 1321 2202 Hodie
1348 2128 1481 2202 statim
1501 2132 1588 2224 post
1607 2132 1714 2204 sexta
1734 2150 1867 2204 omnes
1885 2129 1926 2202 in
1946 2128 2087 2203 Eleona

653 2253 779 2349 parati
798 2251 924 2326 simus
950 2252 1161 2328 Imbomon.
1190 2252 1417 2330 Revertitur
1443 2274 1534 2348 ergo
1561 2255 1684 2328 omnis
1703 2254 1865 2351 populus
1883 2254 2085 2350 unusquis-

653 2400 728 2475 que
755 2378 795 2451 in
823 2377 978 2452 domum
1007 2401 1116 2452 suam
1135 2400 1325 2453 1666111616
1344 2401 1396 2470 66,
1417 2382 1458 2455 61
1476 2379 1609 2454 statim
1630 2383 1717 2477 post
1734 2379 1939 2476 prandium
1964 2401 2091 2454 ascen·

654 2504 759 2577 ditur
786 2525 895 2577 mons
924 2502 1064 2580 Oliveti
1092 2504 1131 2576 id
1159 2508 1218 2578 661
1246 2503 1286 2576 16
1307 2503 1450 2578 Eleona
1468 2490 1743 2601 unusquisque,
1763 2505 1953 2601 quomodo
1981 2507 2090 2600 patet

655 2628 742 2718 iter,
771 2630 817 2700 ut
843 2628 973 2701 nullus
1001 2628 1231 2703 christianus
1258 2631 1457 2704 remaneat
1484 2631 1524 2702 in
1552 2629 1724 2719 61111616,
1754 2629 1820 2724 qui
1856 2650 1935 2701 non
1971 2627 2091 2702 omnis

656 2751 810 2826 vadent.
841 2750 1169 2837 Quemadmodum
1198 2773 1286 2848 ergo
1315 2753 1443 2827 subito
1472 2753 1658 2828 fueritin
1695 2755 1826 2828 monte
1864 2751 2017 2843 Oliveti,
2053 2751 2091 2824 id

656 2877 716 2949 661
741 2874 783 2947 16
809 2873 964 2966 11166116,
993 2875 1159 2972 primum
1186 2877 1268 2951 itur
1294 2877 1334 2950 in
1361 2877 1573 2965 Imbomon,
1600 2878 1642 2952 id
1668 2881 1728 2952 661
1750 2879 1791 2951 in
1810 2900 1856 2952 eo
1874 2879 1970 2969 1666,
1993 2876 2091 2951 6616

657 2998 827 3073 ascendit
854 2999 1040 3074 Dominus
1068 3002 1108 3074 in
1136 3002 1272 3076 coelis:
1301 3004 1342 3076 61
1368 3001 1422 3075 ibi
1449 3001 1556 3078 66161
1583 3003 1792 3098 episcopua,
1822 3005 1863 3076 et
1881 2999 2091 3096 presbiteri,

658 3123 765 3198 66161
793 3124 915 3198 omnis
942 3124 1126 3220 populus:
1155 3126 1340 3222 leguntur
1366 3125 1420 3200 ibi
1448 3127 1641 3218 lectiones,
1662 3125 1842 3200 dicuntur
1868 3126 2093 3221 interposite

658 3249 777 3345 ymni,
808 3250 989 3325 dicuntur
1017 3254 1057 3324 61
1084 3249 1317 3346 antiphonae
1337 3253 1451 3344 aptae
1471 3250 1546 3325 diei
1564 3252 1605 3325 61
1623 3250 1728 3338 1666;
1748 3250 1943 3324 orationes
1962 3249 2091 3338 etiam,

596 3381 630 3438 71
659 3395 757 3469 quae
776 3373 1087 3470 interponuntur,
1112 3373 1117 3467 Ι
1142 3397 1290 3471 semper
1308 3375 1406 3448 tales
1426 3374 1760 3471 pronuntiationes
1779 3373 1935 3462 habent,
1955 3376 2002 3447 ut
2019 3373 2093 3447 diei

659 3499 808 3574 611666
836 3498 1089 3573 conveniunt:
1118 3499 1261 3594 legitur
1288 3501 1407 3574 etiam
1435 3502 1476 3574 61
1503 3498 1568 3572 1116
1595 3498 1701 3573 16666
1730 3498 1776 3572 16
1796 3498 2007 3594 evangelio,
2027 3497 2093 3571 ubi

659 3624 751 3698 dicit
778 3624 824 3699 16
851 3646 1009 3699 6666666
1027 3624 1182 3699 Domini
1200 3625 1371 3700 16666116
1391 3626 1479 3722 post
1496 3624 1826 3697 resurrectionem.
1847 3622 1942 3697 Oum
1962 3626 2092 3697 autem

659 3748 730 3823 hoc
756 3749 904 3823 factum
931 3748 1062 3840 fuerit,
1089 3748 1369 3823 benedicuntur
1396 3746 1662 3838 cathecumini,
1691 3747 1745 3822 sic
1769 3746 1921 3837 fideles}
1940 3752 1981 3821 61
1999 3747 2093 3820 hora

659 3876 736 3947 iam
764 3895 866 3947 nona
894 3873 1135 3948 descenditur
1154 3873 1254 3966 inde,
1274 3877 1421 3948 etcum
1440 3872 1566 3970 ymnis
1584 3873 1665 3946 itur
1683 3872 1733 3946 ad
1753 3872 1859 3947 illam
1887 3873 2093 3964 ecclesiam,

659 4019 759 4095 quae
786 3999 827 4072 et
852 3999 935 4094 ipsa
961 3999 1002 4071 in
1029 3998 1172 4074 Eleona
1199 4000 1271 4091 est,
1290 3998 1329 4072 id
1348 3999 1408 4073 est
1429 3999 1469 4071 in
1486 3995 1564 4094 ¹qua
1583 3997 1763 4093 spelunca
1782 3997 1914 4072 sedans
1934 3996 2094 4072 docebat

659 4122 845 4198 Dominus
872 4121 1077 4218 apostolos.
1106 4122 1165 4196 Ibi
1193 4125 1324 4197 autem
1352 4144 1439 4197 cum
1466 4125 1626 4198 ventum
1654 4121 1886 4212 factitiam
1913 4121 2093 4197 66111616

660 4247 745 4343 plus
774 4245 939 4320 decima:
968 4244 1013 4319 fit
1039 4245 1094 4319 ibi
1121 4246 1330 4335 lucernare,
1360 4245 1405 4318 fit
1433 4246 1570 4336 oratio,
1599 4244 1877 4320 benedicuntur
1913 4247 2092 4321 cathecu-

660 4370 766 4463 mini,
795 4374 837 4445 et
863 4372 918 4444 616
944 4369 1073 4446 fideles
1101 4371 1230 4446 etiam.
1259 4369 1353 4445 Inde
1377 4371 1619 4446 descenditur
1638 4393 1725 4445 cum
1742 4372 1868 4468 ymnis
1888 4371 2010 4446 omnis
2028 4395 2094 4468 po·

659 4497 772 4593 palus
799 4518 920 4593 usque
948 4497 998 4570 ad
1025 4519 1146 4570 unum
1173 4495 1249 4570 toti
1276 4517 1363 4571 cum
1390 4496 1576 4592 episcopo,
1605 4519 1741 4593 ymnos
1760 4496 2008 4586 11666166161
2029 4520 2095 4571 an·

660 4620 840 4716 tiphonas
881 4623 991 4717 aptas
1029 4619 1103 4694 diei
1139 4619 1231 4715 ipsi:
1268 4621 1322 4694 sic
1362 4620 1517 4695 venitur
1549 4621 1653 4696 lente
1685 4624 1726 4695 61
1759 4621 1863 4697 16616
1896 4643 2015 4718 usque
2049 4621 2096 4694 ad

744 4895 910 4960 ιΕ6616616
929 4897 1012 4975 Sion,
1033 4917 1113 4976 quaa
1131 4899 1229 4977 primo
1251 4905 1319 4961 6161
1338 4897 1448 4961 domus
1469 4919 1494 4962 6.
1516 4899 1622 4977 Μ6161,
1647 4899 1812 4978 pristinam
1839 4907 1872 4962 61
1898 4899 2097 4979 apostolicam

663 4993 793 5054 formam
813 5001 1002 5073 servaverat,
1022 5015 1094 5055 nam
1113 4995 1269 5057 Romanos
1283 4995 1321 5072 61,
1343 5017 1412 5057 cum
1432 4998 1491 5058 sub
1516 4997 1588 5058 Tito
1611 4998 1686 5059 urbs
1711 5015 1820 5059 616166
1844 5004 1903 5075 661,
1922 4997 2095 5076 pepercisse

664 5090 855 5170 Epiphanius
876 5091 974 5153 tradit
995 5093 1057 5174 (De
1076 5093 1255 5172 Ponderib,
1276 5114 1301 5155 o.
1325 5095 1385 5175 14).
1408 5093 1477 5167 Quo
1497 5101 1635 5173 tempore
1657 5095 1796 5174 cyrillus
1822 5095 2016 5156 Oateohesim
2035 5115 2097 5156 sex·

664 5195 727 5248 tam
742 5189 892 5267 exposuit,
906 5190 1068 5253 immutata
1080 5191 1215 5252 nondum
1229 5212 1299 5254 6666
1319 5192 1460 5254 videtur:
1475 5212 1581 5254 verum
1594 5195 1686 5273 paulo
1701 5202 1773 5273 post
1787 5195 1820 5254 in
1834 5194 1925 5254 aliam
1940 5193 2097 5255 eeclesiam

664 5305 814 5348 66616166
833 5295 891 5364 661,
912 5295 948 5348 61
968 5289 1076 5351 611116
1097 5290 1200 5351 verbis
1221 5310 1349 5352 6666616
1370 5291 1459 5352 licet:
1483 5291 1574 5352 «alia
1593 5292 1683 5352 modo
1706 5292 1940 5353 66616616661.»
1956 5292 2096 5369 Magnam

664 5384 824 5446 basilicam
844 5384 957 5448 factam
978 5406 1047 5448 esse
1068 5387 1100 5448 in
1120 5388 1281 5449 Breviario
1302 5388 1575 5467 hierosolymitano
1595 5389 1739 5468 legimus,
1760 5397 1952 5468 matremque
1967 5389 2097 5451 omnium

664 5482 862 5544 ecclesiarum
883 5482 1076 5545 Theodosius
1097 5485 1149 5564 (16
1170 5485 1190 5544 l.
1211 5505 1237 5546 6.
1258 5505 1324 5564 cap.
1346 5488 1378 5565 6)
1401 5507 1463 5546 666
1482 5486 1635 5548 immerito
1656 5487 1802 5566 appellat.
