4622 6572
761 623 806 668 ns
829 620 1006 668 nrsrnrns
1029 619 1073 665 sn
1097 618 1205 665 nsunt
1301 582 1304 597 ³
1345 585 1349 592 ¹

266 713 481 728 -ιὺ-..ι-ι-Δ--ι-ιι

266 805 456 920 Kandens
482 841 653 938 frigescit

319 975 511 1066 stagnum,
540 957 706 1063 pallida¹

318 1096 521 1190 rigensque
550 1095 672 1167 nescit

318 1220 530 1315 Flegethon
558 1241 597 1292 se
625 1217 785 1294 fervere.

265 1305 358 1418 Lux
387 1347 474 1418 orte
500 1347 633 1419 vastae

318 1469 441 1544 noctis
469 1468 654 1565 splendet,
683 1466 850 1541 interum

320 1597 473 1685 tremet,
503 1597 543 1668 et
571 1592 642 1667 alti
670 1595 797 1668 custos

320 1742 456 1796 saevus
485 1719 650 1793 Tartari.

265 1804 390 1936 Mors,
419 1848 460 1920 te
486 1846 698 1941 peremtum

319 1967 438 2044 sentis
465 1969 548 2062 lege
577 1991 665 2042 cum
690 1970 772 2059 tua,

319 2092 443 2168 Deum
471 2116 557 2169 curn
584 2094 706 2168 cernis

317 2218 535 2294 subdedisse
563 2214 629 2294 sefl
659 2219 743 2294 tibi.

266 2301 361 2418 Non
389 2347 446 2420 est
477 2343 662 2419 caducum

318 2490 453 2572 corpus
480 2468 596 2559 istud,
626 2468 726 2563 quod
755 2471 877 2557 tenes,

317 2592 541 2689 nullumque
570 2595 609 2667 in
637 2594 703 2667 ille

318 2717 377 2792 ius
405 2720 522 2794 hebet
550 2720 755 2813 corruptio.

267 2800 404 2916 Omnis
431 2845 471 2918 te
499 2843 620 2918 vincit
648 2842 773 2917 curnis

319 2970 474 3042 nostrae
502 2968 717 3060 infirmitas

319 3095 461 3166 natura
489 3095 611 3168 carnis

319 3218 378 3290 est
405 3220 570 3292 connata
597 3240 683 3292 curn
711 3217 802 3294 Deo.

265 3294 348 3414 Per
373 3340 471 3416 hanc
499 3343 540 3414 in
568 3342 667 3417 altos

320 3465 497 3539 scandam
524 3466 629 3540 laeta
656 3487 743 3540 curn
772 3488 855 3542 meo

320 3588 443 3663 coelos
469 3610 670 3686 resurgens

319 3713 483 3807 glorioso
512 3735 678 3810 corpore.

269 3795 437 3913 Quantis
465 3835 587 3910 fidelis

319 3961 457 4056 spebus
485 3959 676 4035 Christum
705 3961 858 4054 credidi,

319 4083 427 4158 inse
455 4084 663 4180 quinctus
691 4108 752 4181 me

320 4229 388 4303 per
416 4231 563 4284 carnem
594 4212 771 4306 suscepit.

1011 799 1172 913 Reneta
1199 861 1296 930 sum,
1327 859 1349 912 ο
1377 835 1481 912 vitae

1064 964 1190 1039 laetae
1217 962 1390 1038 exordia!

1063 1091 1172 1163 nevis
1200 1111 1298 1186 quae
1325 1089 1414 1164 vivo

1065 1216 1273 1290 christiane
1300 1215 1458 1310 legibue.

1012 1297 1169 1413 Sanctis
1197 1333 1386 1434 perenne⁸
1413 1363 1553 1414 munus

1065 1468 1236 1561 praestat
1262 1467 1335 1539 hoc
1362 1465 1444 1558 Dei,

1065 1590 1250 1665 conformi
1278 1613 1408 1666 secum
1435 1591 1571 1667 vivent

1065 1719 1153 1813 post
1180 1716 1275 1791 haec
1303 1709 1498 1812 corpore⁴.

1013 1799 1159 1915 Terror
1186 1841 1339 1916 recedet
1357 1842 1492 1916 mortis

1065 1966 1233 2060 tandem,
1263 1990 1377 2057 mors,
1407 1969 1511 2058 tuse,

1066 2091 1152 2164 sinu
1180 2113 1241 2166 me
1268 2093 1411 2170 laetam
1451 2077 1452 2080 Ὺ

1065 2219 1287 2312 patriarcha
1314 2218 1483 2312 suscipit.

1012 2301 1162 2417 Vivam
1189 2342 1316 2417 locata
1342 2345 1430 2438 post
1456 2342 1550 2416 haec

1065 2467 1104 2539 in
1134 2467 1372 2559 coelestibus,

1067 2589 1136 2666 Dei
1164 2591 1293 2665 sedere
1321 2613 1473 2666 carnem

1067 2719 1171 2790 cerba
1199 2739 1223 2789 e
1250 2715 1403 2790 dextris.

1013 2797 1167 2930 xriste,
1196 2862 1373 2916 reversus
1402 2840 1525 2915 coelos

1068 2965 1191 3041 victor
1218 2967 1258 3038 in
1284 2969 1384 3057 tues,

1066 3093 1257 3166 memento
1287 3089 1423 3181 carnis,

1066 3215 1106 3288 in
1134 3239 1210 3310 qua
1237 3216 1352 3290 natus
1381 3237 1433 3306 es,
1461 3237 1582 3292 meae.

1013 3298 1170 3414 Ymnes
1197 3331 1409 3435 perennes⁵

1068 3457 1316 3564 tangelorum
1344 3487 1429 3540 cum
1459 3465 1581 3540 choris

979 3665 981 3672 ,
1065 3588 1106 3661 in
1133 3589 1205 3664 hoc
1231 3611 1432 3684 resurgens
1459 3590 1563 3664 laeta

1065 3714 1227 3809 psallam
1254 3736 1424 3809 corpore.

1013 3795 1172 3912 Zelevit
1199 3837 1290 3911 olim
1318 3862 1379 3914 me

1066 3961 1107 4034 in
1135 3965 1258 4036 morte
1286 3961 1460 4051 Satanas,

1066 4089 1291 4181 regnantem
1319 4089 1451 4162 cernat

1066 4214 1194 4286 tecum
1220 4212 1314 4286 totis
1341 4211 1512 4287 saeculis.

1732 3473 1769 3531 30

350 5067 357 5099 ¹
373 5058 412 5120 In
432 5059 498 5121 cod.
523 5059 671 5122 hebetur:
686 5060 836 5123 Kandcns
850 5059 993 5140 frigescit
1010 5061 1016 5144 Ι
1034 5069 1176 5142 stagnum
1196 5063 1313 5143 pallida
1333 5070 1383 5127 est
1401 5063 1492 5142 iugis.
1514 5062 1577 5126 Sed
1590 5063 1708 5126 nullum

268 5175 392 5218 sensum
411 5159 555 5237 praebet3
576 5178 669 5222 voces
690 5167 793 5221 eutem
814 5167 859 5220 ert
885 5163 967 5238 iugis
988 5161 1081 5222 adiici
1101 5162 1254 5241 ridentur,
1274 5163 1337 5226 nisi
1363 5163 1426 5225 sint
1446 5162 1568 5224 aliunde
1591 5163 1708 5244 (nescio

268 5254 339 5335 quo)
361 5255 400 5316 ab
421 5256 591 5334 antiquario
612 5258 729 5336 petitae
750 5293 791 5305 -
811 5264 869 5319 ’te
890 5293 930 5304 -
952 5259 1134 5338 ¹perhenne
1154 5296 1195 5308 -
1214 5269 1225 5302 ⁴
1241 5280 1370 5340 corpora
1394 5295 1426 5307 -
1450 5262 1657 5340 ⁶perhennes.
