4622 6572
607 683 667 736 xvl
1235 689 1419 738 PRAEFATIO

607 903 800 1002 Mysteriis
827 905 1072 1002 intellexerit,
1087 908 1145 983 ita
1164 908 1385 1000 declaravit,
1405 912 1452 984 ut
1470 910 1609 984 mirum
1629 911 1690 1004 sit,
1710 913 1883 990 virorum
1901 913 2044 992 doctis·

607 1048 792 1125 simorum
819 1051 1029 1156 sententias
1055 1052 1096 1126 in
1124 1052 1368 1145 coniiciendo,
1389 1053 1480 1150 quid
1500 1054 1540 1127 in
1563 1076 1607 1129 eo
1636 1077 1749 1153 opere
1767 1058 1840 1132 sibi
1859 1059 2046 1150 voluerit,

606 1191 763 1265 tantum
789 1214 814 1266 a
840 1191 1006 1268 veritate
1033 1193 1240 1270 aberrasse.
1270 1194 1306 1270 N
1308 1219 1371 1269 am
1398 1195 1439 1269 in
1466 1196 1564 1270 libro
1596 1198 1731 1292 quinto
1769 1198 1815 1274 de
1853 1199 2047 1275 Trinitate

606 1332 702 1409 haec
728 1334 898 1432 scripsit:
932 1336 1090 1412 “Tenet
1117 1337 1241 1413 adhuc
1269 1338 1499 1414 sacramenti
1527 1340 1736 1436 evangelici
1763 1341 1858 1438 legis
1894 1342 2044 1435 umbra,

611 1535 626 1568 „
646 1483 687 1556 et
713 1481 944 1576 apostolicae
971 1481 1167 1558 doctrinae
1194 1483 1400 1559 veritatem
1428 1485 1622 1581 mysteriis
1641 1486 1719 1560 suis
1739 1487 1890 1561 aemula
1908 1489 2045 1584 praeli·

611 1678 627 1712 ,
645 1624 803 1719 gurat,.
814 1623 960 1700 Deinde
973 1598 1185 1700 tractatum
1196 1626 1483 1723 Mysteriorum,
1500 1651 1576 1723 quo
1591 1627 1687 1701 nihil
1701 1632 1830 1729 potest
1844 1629 2044 1723 difficilius,

605 1791 816 1865 aggressus,
837 1769 935 1845 hanc
954 1770 1128 1845 eamdem
1146 1771 1303 1845 illorum
1322 1770 1588 1847 definitionem
1608 1773 1980 1871 declarationemque
2002 1775 2045 1849 in

604 1911 759 1988 exordio
787 1913 1010 2010 profitetur:
1044 1919 1060 1952 “
1080 1915 1199 1991 Omne
1226 1917 1358 1990 autem
1387 1939 1481 2013 opus
1509 1917 1612 2013 quod
1638 1918 1754 1993 sacris
1781 1918 2045 1994 voluminibus

609 2112 626 2147 ,
645 2056 876 2151 continetur,
896 2059 1106 2136 adventum
1125 2059 1279 2136 Domini
1306 2059 1430 2134 nostri
1456 2060 1545 2134 Iesu
1565 2060 1708 2135 Christi
1726 2064 1768 2137 et
1786 2061 1899 2138 factis
1918 2063 2043 2159 expri-

610 2204 718 2292 ,'mit
741 2207 782 2280 et
799 2205 1000 2280 confirmat
1018 2207 1199 2301 exemplis
1215 2262 1251 2302 ,.
1272 2205 1410 2281 Procul
1430 2205 1549 2302 igitur
1568 2206 1684 2281 dubio
1703 2206 1765 2281 hic
1783 2210 1976 2282 tractatus
1996 2206 2045 2281 de

604 2347 808 2446 Mysteriis,
838 2371 950 2446 quem
978 2349 1019 2423 in
1046 2371 1181 2424 manus
1209 2349 1407 2440 habemus,
1436 2372 1466 2422 s.
1494 2349 1642 2422 Hilario
1662 2371 1707 2424 ex
1728 2349 1819 2445 ipsis
1848 2351 1930 2425 eius
1958 2372 2043 2426 sen-

603 2493 737 2568 tentiis
764 2493 1032 2570 adscribendus
1060 2496 1131 2568 est.
1162 2492 1198 2566 S.
1220 2493 1502 2591 Hieronymum
1520 2496 1658 2568 testem
1677 2494 1919 2589 protulimus,
1937 2493 2044 2567 Hila-

602 2636 704 2710 rium
730 2621 1002 2734 Mysteriorum
1029 2636 1172 2710 librum
1199 2636 1418 2712 coniecisse.
1449 2637 1537 2712 Non
1563 2661 1701 2733 parum
1729 2637 1865 2713 deinde
1883 2638 1933 2712 ad
1960 2659 2042 2714 rem

602 2776 752 2852 confert
779 2778 916 2854 codicis
944 2779 1200 2875 antiquissimi
1227 2779 1379 2870 titulus,
1409 2781 1525 2876 atque
1553 2780 1695 2854 notitia
1722 2781 1802 2872 illa,
1834 2779 1937 2876 quod
1967 2781 2043 2854 De·

601 2918 764 2996 siderius
791 2922 910 2996 abbas
938 2922 1187 3018 exemplanda
1213 2923 1405 3020 praecepit
1432 2947 1460 2998 s.
1489 2924 1627 2997 Hilarii
1653 2947 1793 3021 opera,
1823 2927 1863 2998 in
1901 2925 2042 3020 quibus

602 3059 787 3158 Mysteria
814 3064 1130 3139 adnumerantur.
1159 3066 1363 3141 Praeterea
1390 3089 1470 3140 rem
1499 3067 1620 3162 ipsam
1648 3068 1825 3162 probant,
1855 3089 1953 3164 quae
1970 3067 2040 3141 Hi·

602 3193 722 3278 larius
749 3207 944 3304 explicuit,
975 3211 1216 3304 argumenta,
1238 3197 1411 3305 quaeque
1431 3209 1525 3282 alias
1546 3209 1626 3284 lere
1646 3209 1780 3284 iisdem
1800 3210 1927 3286 verbis
1945 3233 2040 3285 non·
2150 3297 2156 3306 .

602 3371 814 3446 numquam
841 3351 1014 3448 tetigisse
1042 3352 1205 3427 videtur.
1233 3353 1406 3449 Denique
1435 3353 1506 3426 sibi
1535 3352 1729 3449 hocopus
1763 3353 1842 3448 ipse
1870 3352 2042 3428 vindicat

602 3489 692 3565 stilo
719 3512 789 3566 suo
816 3492 1012 3588 peculiari,
1042 3495 1168 3584 acuto,
1197 3493 1338 3568 difficili
1367 3494 1527 3589 aedepol
1555 3495 1596 3568 et
1623 3493 1824 3568 laborioso.

682 3633 977 3732 Subsequuntur
1016 3634 1162 3732 Hymni
1188 3657 1218 3709 s.
1246 3635 1394 3710 Hilario
1436 3635 1630 3731 adscripti,
1672 3658 1719 3712 ex
1760 3637 1900 3732 quibus
1940 3659 2040 3712 unus

599 3771 757 3853 tantum
783 3781 967 3876 superest,
996 3779 1104 3854 cuius
1131 3781 1172 3854 et
1199 3778 1285 3854 finis
1312 3779 1572 3855 desideratur:
1601 3778 1663 3853 hic
1689 3777 1835 3876 primus
1867 3779 2038 3875 profecto

600 3924 671 4013 est,
700 3943 814 4018 quem
840 3922 882 3996 in
909 3922 1007 3996 libro
1035 3923 1277 4019 Hymnorum
1304 3923 1385 4019 ipse
1407 3925 1581 4000 inseruit.
1602 3923 1691 3997 Mox
1709 3923 1834 3997 multa
1852 3923 1892 3996 in
1912 3922 2040 3998 codice

600 4061 750 4155 desunt,
780 4064 883 4160 quod
910 4087 976 4139 sex
994 4065 1166 4161 pagellae
1186 4067 1426 4140 interiorese
1460 4067 1713 4162 quaternione
1746 4065 1905 4141 avulsae
1933 4067 2037 4140 sunt.

601 4207 771 4306 Septima
797 4232 889 4286 vero
917 4213 1034 4306 atque
1062 4213 1200 4287 octava
1228 4211 1322 4286 duos
1350 4211 1514 4308 hymnos
1541 4231 1618 4285 non
1645 4209 1814 4306 integros
1852 4210 2038 4306 complec-

599 4353 759 4426 tuntur:
787 4375 954 4447 quorum
980 4352 1147 4449 primum
1173 4375 1250 4427 non
1278 4350 1399 4429 edidit
1425 4351 1607 4446 Hilarius
1628 4353 1693 4428 sed
1711 4351 1929 4449 spectabilis
1957 4352 2037 4428 foe·

599 4496 705 4570 mina
731 4496 878 4589 cecinit,
906 4496 1060 4593 ingenio
1087 4485 1263 4595 praedita
1289 4497 1632 4595 praestantissime,
1670 4498 1719 4572 ab
1756 4496 1912 4573 ethnica
1948 4498 2036 4573 reli-

598 4643 711 4736 gione
737 4633 798 4714 ad
814 4639 1064 4716 christianam
1092 4640 1270 4716 adducta.

676 4780 787 4858 Fides
828 4784 875 4856 ut
914 4781 954 4854 in
995 4781 1135 4878 populo
1176 4765 1407 4874 firmaretur,
1436 4781 1563 4856 Iesum
1591 4781 1787 4857 Christum
1816 4782 1887 4858 Dei
1914 4781 2038 4856 filium

597 4923 881 5000 humanitatem
909 4924 1181 5001 indivinitate
1219 4926 1476 5023 assumpsisse,
1515 4927 1682 5020 primum
1723 4928 1824 5003 huno
1867 4927 2038 5001 Hilarius

597 5070 784 5168 hymnum
811 5070 1065 5146 elucubravit.
1094 5070 1196 5145 Illud
1225 5075 1286 5147 est
1313 5070 1709 5163 animadvertendum,
1739 5093 1889 5146 sensum
1920 5074 2038 5167 atque

597 5237 753 5292 versum
778 5215 818 5289 in
848 5215 969 5291 divini
995 5217 1213 5312 argumenti
1241 5216 1460 5291 subtilitate
1493 5215 1647 5308 irretiri,
1685 5215 1940 5310 obscurosque
1967 5214 2037 5288 ali·

599 5359 751 5456 quando
778 5360 872 5435 fieri.
894 5359 1001 5446 Quod
1018 5359 1188 5434 Hilarius
1207 5361 1477 5472 praesentiens,
1496 5359 1648 5436 litteras
1667 5361 1848 5458 cuiusque
1868 5360 2035 5456 strophis

598 5505 802 5582 acrosticas
820 5504 1060 5603 alphabetico
1080 5507 1212 5582 ordine
1231 5505 1431 5603 disposuit,
1451 5506 1498 5578 ut
1514 5506 1656 5601 populo
1680 5505 1833 5582 canenti
1851 5504 2037 5612 memoria
