4622 6572
1231 690 1415 738 PRAEFATIO

1291 1199 1361 1273 IlI.

1064 1479 1125 1546 DE
1151 1479 1587 1550 PEREGRlNATIONE.

685 1773 1007 1869 Peregrinationis
1035 1772 1085 1846 ad
1111 1774 1195 1847 loca
1222 1777 1354 1848 sancta
1373 1773 1489 1848 codex
1508 1777 1567 1848 est
1589 1773 1814 1870 fragmentis
1842 1763 2045 1847 hilarianis

605 1915 808 1991 adiunctus
835 1921 952 2013 atque
979 1939 1057 1990 una
1085 1919 1285 1991 consutus:
1316 1939 1448 1991 rerum
1469 1915 1681 1991 vetustiore
1700 1916 1833 1991 littera
1853 1920 2047 1992 exaratus

606 2059 701 2132 mihi
727 2058 843 2134 fuisse
879 2059 1044 2136 videtur.
1081 2059 1239 2133 Duobus
1266 2058 1473 2160 etuviginti
1509 2059 1652 2133 chartis
1690 2060 1771 2136 sive
1808 2063 1976 2156 quatuor
2003 2060 2048 2131 et

606 2199 860 2297 quadraginta
887 2202 1044 2299 pagellis
1071 2203 1234 2292 constat,
1262 2201 1322 2276 cui
1342 2201 1465 2274 multa
1484 2200 1523 2274 in
1544 2201 1668 2293 initio,
1687 2203 1874 2277 nonnulla
1899 2201 1940 2276 in
1969 2201 2046 2276 fine

605 2343 883 2437 desiderantur,
913 2346 1059 2420 duobus
1087 2347 1205 2420 etiam
1233 2346 1367 2420 mediis
1393 2345 1495 2419 foliis
1523 2346 1707 2420 abscissis,
1737 2343 1855 2433 Quem
1882 2347 2043 2421 titulum

603 2488 643 2562 id
670 2491 906 2586 praeclarum
934 2512 1028 2587 opus
1047 2489 1237 2579 habuerit,
1259 2489 1413 2564 omnino
1432 2492 1605 2566 statuere
1624 2509 1783 2584 nequeo.
1808 2487 2042 2585 Inquirenti·

603 2633 674 2706 bus
693 2634 802 2708 nobis
822 2633 965 2730 aliquid
984 2633 1140 2707 luminis
1159 2656 1182 2706 a
1200 2655 1300 2707 nexu
1319 2633 1380 2706 PE
1396 2633 1453 2707 bis
1471 2633 1624 2729 scripto,
1643 2656 1717 2708 uno
1731 2633 1772 2707 in
1786 2635 1957 2708 extremo
1973 2657 2041 2729 pa-

603 2775 725 2871 gellae
752 2778 892 2851 tertiae
922 2776 1075 2872 augule,
1105 2775 1227 2884 altero
1255 2777 1296 2849 in
1315 2774 1439 2848 media
1458 2775 1607 2871 pagella
1626 2797 1727 2849 nona
1746 2779 1787 2849 et
1805 2776 2041 2871 sexagesima

602 2917 849 2994 interlineato
878 2919 1039 2992 allatum
1069 2922 1139 3008 est,
1159 2922 1205 2993 ut
1223 2920 1351 3016 potius
1370 2919 1693 3015 Peregrinationis
1712 2943 1826 3015 quam
1846 2913 2042 2994 Itinerarii

602 3062 765 3135 titulum
792 3062 1028 3159 eligeremus.
1057 3062 1204 3136 Revera
1232 3062 1327 3135 illud
1354 3065 1413 3136 est
1445 3061 1614 3136 locorum
1647 3065 1867 3136 sanctorum
1902 3061 2041 3138 descri-

603 3205 697 3301 pti0,
725 3205 881 3280 minime
909 3205 1092 3280 itinerum
1120 3207 1190 3278 aut
1218 3205 1456 3280 mansionum
1493 3205 1654 3279 notatio.
1690 3203 1842 3279 Nomen
1869 3206 2044 3280 auctoris

603 3347 757 3422 omnino
785 3349 903 3423 latet:
933 3349 996 3422 sed
1024 3351 1179 3421 tantum
1207 3347 1341 3442 liquet,
1370 3347 1435 3442 qui
1465 3347 1539 3421 iter
1558 3347 1660 3437 fecit,
1676 3348 1775 3422 idem
1804 3367 1892 3421 eum
1912 3349 2038 3445 ipsum

602 3491 853 3586 descripsisse.
882 3490 1064 3566 Foemina
1082 3491 1242 3564 illustris
1261 3490 1350 3576 fnit,
1380 3512 1400 3565 e
1429 3490 1554 3563 Gallis
1574 3491 1756 3586 prolecta,
1777 3491 1823 3566 de
1850 3515 1928 3588 qua
1946 3491 2041 3587 quid

601 3635 765 3710 sentiam
791 3633 1035 3730 postmodum
1064 3635 1272 3730 explicabo.

680 3777 904 3874 Fragmenti
931 3778 1041 3852 initio
1069 3777 1307 3873 peregrinam
1327 3777 1552 3850 offendimus
1570 3777 1711 3852 vallem
1740 3777 1844 3852 Sinai
1872 3778 2038 3852 subeun-

601 3923 692 4012 tem,
709 3943 807 4017 quae
826 3943 912 3996 cnm
932 3923 1103 3995 montem
1120 3923 1294 3995 sanctum
1315 3919 1581 4011 adscendisset,
1601 3944 1690 3996 mox
1708 3921 1892 3998 lustravit
1910 3920 2039 3996 omnia

600 4064 752 4139 circum.
772 4064 955 4160 Regressa
974 4087 1041 4160 per
1060 4063 1213 4160 Clysma
1233 4063 1525 4159 Aegyptumque
1543 4063 1819 4162 Hierosolymis
1837 4065 2037 4162 aliquanto

600 4206 782 4282 subsedit.
811 4207 955 4283 Deinde
982 4212 1152 4282 montem
1180 4207 1317 4282 Nabau
1338 4208 1520 4299 ascendit,
1546 4212 1680 4304 postea
1707 4209 1874 4303 patriam
1901 4209 1969 4284 Iob
1996 4210 2037 4284 in

599 4351 753 4446 regione
779 4350 1007 4426 Nabathaea
1033 4351 1184 4447 petivit.
1214 4351 1349 4425 Tribus
1377 4351 1487 4424 annis
1515 4351 1832 4448 peregrinationis
1859 4353 2035 4449 peractis,

599 4491 905 4590 Hierosolymam
932 4494 1108 4590 linquens
1136 4495 1261 4590 pergit
1287 4493 1602 4588 Mesopotamiam
1631 4495 1679 4568 ad
1707 4495 1868 4570 Charras
1898 4518 2034 4593 usque:

597 4633 638 4707 in
665 4635 792 4711 reditu
821 4637 1032 4713 Seleuciam
1060 4638 1229 4712 Isauriae
1249 4637 1429 4734 attingit;
1459 4637 1594 4712 deinde
1618 4661 1737 4766 quum
1765 4605 2073 4714 Constantino-⁵

598 4777 715 4874 polim
742 4781 987 4875 pervenisset,
1008 4781 1048 4856 in
1067 4782 1162 4856 urbe
1180 4783 1332 4857 morata
1351 4782 1421 4871 est,
1441 4780 1571 4876 ibique
1591 4803 1711 4873 suam,
1732 4781 1780 4855 ad
1799 4782 2036 4858 venerabiles

598 4938 758 5012 sorores,
786 4943 884 5017 quae
911 4922 951 4994 in
971 4921 1108 5013 Gallia,
1127 4925 1173 4996 ut
1191 4921 1356 5011 videtur,
1376 4920 1576 5016 degebant,
1597 4923 1942 5018 peregrinationem
1970 4923 2033 4999 de·

597 5060 759 5158 scripsit,
787 5063 1009 5159 addiditque
1036 5063 1218 5138 notitiam
1236 5063 1562 5139 coeremoniarum
1586 5087 1793 5158 sacrarum,
1822 5087 1920 5162 quae
1947 5068 2033 5139 turn

595 5200 870 5302 Hierosolymis
900 5228 946 5282 ex
974 5229 1079 5282 more
1107 5207 1262 5283 fiebant.

674 5346 778 5424 Haec
804 5350 974 5426 breviter
1001 5352 1219 5447 perstrinxi,
1248 5353 1294 5425 ut
1322 5373 1379 5441 ea,
1409 5373 1506 5447 quae
1534 5353 1574 5425 in
1601 5352 1827 5450 fragmentis
1846 5355 2032 5430 ‘arretinis

594 5495 809 5585 servantur,
837 5493 907 5568 sub
936 5497 1132 5589 aspectum
1160 5495 1394 5571 subiicerem.
1421 5493 1515 5568 Mihi
1542 5496 1644 5571 enim
1672 5497 1711 5571 in
1740 5498 1869 5575 animo
1897 5502 2030 5574 estex
