4622 6572
733 672 782 717 111.
805 672 850 718 oa
871 667 1161 721 rnaaoanrsrroua
1575 677 1664 725 xxm
1748 651 1750 656 ’

231 911 308 965 non
335 891 458 987 liquet
475 892 608 966 utrum
640 890 834 966 desertum
855 891 1074 968 difficillimo
1095 894 1233 970 itinere
1252 895 1458 987 traiecerit,
1488 920 1537 971 an
1565 897 1669 973 viam

231 1035 421 1132 publicam
448 1057 516 1132 per
542 1034 738 1111 Pelusium
766 1036 923 1133 elegerit
938 1030 962 1110 ¹.

312 1179 497 1266 Quintum
528 1179 602 1254 iter
639 1177 721 1274 ipsa
757 1180 929 1255 instituit
965 1182 1013 1255 ad
1051 1182 1309 1280 aspiciendum
1345 1188 1516 1260 montem
1551 1184 1669 1261 Sinai.

232 1321 368 1418 ltaque
383 1321 688 1417 Hierosolymam
707 1323 885 1419 linquens
907 1345 1036 1400 mense
1051 1325 1242 1400 decembri
1257 1327 1453 1402 Pelusium
1467 1317 1668 1424 perrexit²,

233 1467 348 1561 atque
375 1487 442 1561 per
460 1465 646 1539 isthmum
673 1470 777 1542 recto
804 1467 944 1542 itinero
972 1467 1125 1564 Clysma
1143 1439 1455 1545 contendiffloo
1475 1470 1521 1546 de
1540 1474 1669 1546 castro

232 1612 422 1706 portuque
458 1610 574 1684 maris
601 1609 720 1703 rubri,
749 1610 856 1704 cuius
898 1611 945 1684 ad
983 1613 1076 1685 litus
1118 1615 1305 1686 transitus
1343 1611 1510 1687 filiorum
1551 1613 1672 1690 Israel

233 1756 401 1832 evenisse
428 1756 635 1846 ferebatur,
662 1779 778 1853 quam
806 1755 1099 1853 descriptionem
1132 1755 1213 1852 ipsa
1245 1757 1418 1848 tradidit,
1453 1757 1562 1835 nobis
1595 1779 1673 1832 ser·
1723 1789 1726 1797 ·

233 1900 341 1976 ravit
381 1899 520 1974 Petrus
562 1898 766 1973 Diaconos.
794 1897 829 1971 A
857 1898 1051 1994 clysmate
1092 1900 1314 1995 peragravit
1357 1901 1549 1975 desertum
1585 1900 1671 1993 Sur,
1738 1995 1739 1998 Ν

234 2046 369 2122 deinde
397 2046 546 2120 invenit
573 2045 810 2119 mansionem
839 2045 879 2117 in
897 2043 1043 2134 Maron,
1064 2047 1104 2118 et
1124 2044 1303 2119 accedens
1322 2044 1371 2118 ad
1389 2065 1494 2120 mare
1508 2047 1670 2121 rubrum

233 2189 409 2264 subsistit
436 2189 476 2262 in
503 2187 717 2278 Arandara,
746 2187 874 2278 (hodie
905 2186 1100 2278 Garundcl)
1131 2188 1276 2283 optima
1302 2187 1344 2261 in
1370 2187 1525 2264 heremo
1561 2213 1670 2263 man·

234 2333 350 2424 sione,
380 2353 480 2428 quae
506 2330 584 2404 fuit
609 2330 748 2406 Helim.
779 2330 902 2416 Quum
931 2353 997 2428 per
1025 2330 1218 2406 desertum
1255 2331 1381 2405 Faran
1418 2331 1670 2428 processisset,

234 2498 347 2573 rupes
366 2476 407 2550 in
426 2476 621 2550 montibus
640 2475 806 2569 inspexit
825 2478 1029 2550 excavatas
1049 2475 1098 2549 ad
1117 2475 1294 2550 cubicula¹
1311 2479 1351 2551 et
1368 2477 1590 2573 obsignatas
1608 2477 1673 2550 lit·

234 2622 328 2697 teris
353 2621 527 2696 arameis.
548 2619 716 2696 Accessit
736 2619 785 2692 ad
803 2619 931 2694 vicum
949 2618 1086 2711 Faran,
1105 2620 1372 2716 montiumque
1391 2620 1590 2716 angustias
1608 2643 1672 2716 pe·

234 2763 416 2855 netravit,
445 2763 512 2837 ubi
540 2762 671 2860 Moyse
698 2763 927 2857 adprecante
955 2761 1192 2837 Amalecitao
1218 2761 1412 2858 profligati
1439 2764 1541 2836 sunt.
1561 2761 1669 2837 Inter

234 2908 359 2981 Faren
387 2909 428 2980 et
466 2906 571 2980 Sinai
601 2905 771 3002 vulgaris
807 2905 967 2980 traditio
997 2907 1229 2980 mansionem
1259 2905 1397 2982 Aserot
1429 2909 1470 2982 et
1497 2907 1671 3002 sepulcra

235 3048 561 3144 concupiscentiae
574 3052 661 3124 tum
675 3049 896 3145 peregrinae
914 3047 1124 3123 indicabat:
1146 3069 1244 3145 quae
1259 3048 1428 3123 transitu
1443 3048 1545 3123 inter
1564 3071 1672 3123 mon·
1742 3113 1745 3121 .

226 3187 293 3270 'tes
312 3193 520 3290 asperrimo
535 3197 715 3289 superato
730 3193 870 3270 vallem
884 3192 1098 3268 sinaiticam
1113 3193 1244 3285 subiit,
1259 3194 1364 3268 laeta
1377 3193 1480 3288 quod
1499 3196 1671 3268 montem

235 3342 411 3415 sanctum
439 3338 682 3435 prospiceret.
711 3338 772 3412 Ab
800 3338 870 3413 hoc
906 3337 1055 3413 itineris
1082 3340 1278 3411 momento
1315 3337 1515 3412 exordium
1550 3339 1670 3412 sumit

235 3480 493 3579 fragmentum
521 3482 658 3558 codicis
686 3481 858 3574 arretini,
886 3481 966 3556 sivo
987 3482 1171 3577 antiquae
1192 3480 1521 3577 peregrinationis,
1550 3504 1671 3577 quarn

235 3625 406 3701 studiose
434 3648 648 3722 sequamur.

315 3768 458 3844 Montis
486 3762 618 3844 Sinai³
645 3769 827 3844 verticem
846 3745 1033 3864 reptando
1052 3767 1093 3843 in
1111 3790 1224 3864 rupes
1252 3767 1478 3864 asperrimas
1506 3768 1672 3845 viriliter

139 3895 144 3900 ⁵
236 3912 463 4007 assequitur,
491 3911 532 3984 in
560 3933 635 4008 quo
663 3911 819 3986 ecclesia
846 3934 966 4008 parva
993 3912 1090 4003 erat,
1118 3914 1159 3986 et
1186 3911 1367 4007 spelunca
1385 3910 1539 4008 Moysis.
1559 3911 1668 3986 Mons

236 4055 390 4150 quidem
405 4055 470 4130 illa
484 4054 579 4128 mihi
592 4077 649 4145 ee,
666 4075 762 4151 quae
779 4054 1056 4146 describuntur,
1071 4055 1280 4151 inquirenti
1295 4055 1422 4150 potius
1437 4076 1539 4130 nunc
1553 4079 1582 4130 s.
1599 4054 1673 4129 Oa·.

237 4196 414 4272 tharinae
442 4219 558 4292 quam
587 4195 727 4286 Moisis,
757 4217 870 4291 quem
897 4195 937 4268 in
966 4195 1067 4288 notis
1095 4196 1274 4292 praetuli,
1303 4195 1420 4269 fuisse
1448 4196 1614 4270 videtur.
1637 4196 1671 4270 A

234 4341 379 4439 quoin
414 4339 546 4432 alium,
584 4343 765 4414 vocatum
803 4338 912 4430 Oreb,
941 4341 1191 4436 transgressa,
1220 4358 1260 4412 se
1296 4339 1337 4412 in
1378 4339 1668 4431 monasterium,

233 4487 284 4561 ad
311 4485 425 4583 pedes
458 4485 600 4560 montis
637 4484 754 4559 etad
790 4483 932 4557 rubum
958 4483 1087 4557 Moisis
1120 4483 1300 4580 positum,
1329 4485 1441 4558 nocto
1469 4488 1671 4580 appropin-

235 4633 379 4725 quante
404 4629 559 4726 recepit.
594 4627 813 4704 Observatis
845 4627 1032 4720 omnibus,
1061 4649 1158 4722 quae
1187 4628 1233 4702 de
1257 4629 1387 4702 monte
1415 4628 1456 4701 ct
1483 4626 1583 4702 valle
1612 4625 1669 4700 Si·

318 4927 326 4962 ¹
344 4929 430 4991 Patr.
451 4929 490 4990 D.
505 4950 534 5010 p.
551 4931 625 4992 136:
643 4931 750 4992 «Pare
772 4929 914 5006 Arabiae,
928 4949 1007 5007 quae
1027 4927 1166 5006 iungitur
1178 4926 1369 5006 Palestinae,
1380 4925 1595 4990 inaccessibile
1609 4925 1671 4990 iter

234 5027 337 5104 habet,
359 5050 430 5091 nam
449 5030 525 5092 licet
544 5030 753 5092 mansionibus
773 5028 950 5108 quindecim
971 5035 1053 5090 etc.»
1158 5057 1162 5066 ·

315 5128 328 5164 ²
343 5128 429 5192 Patr.
443 5129 482 5191 D.
497 5149 528 5208 p.
544 5130 602 5190 136
618 5135 649 5191 et
663 5148 749 5207 seqq.
765 5129 891 5206 Peregr.
903 5147 934 5206 p.
949 5129 988 5188 35
1004 5135 1035 5188 et
1050 5146 1134 5205 seqq.
1151 5127 1259 5188 Mense
1281 5127 1436 5188 decembri
1457 5126 1518 5187 iter
1531 5126 1572 5187 ad
1586 5125 1672 5188 Sinai

233 5227 381 5308 suscepit,
402 5248 490 5306 quos,
504 5248 574 5290 cum
587 5227 712 5302 rediret,
727 5227 844 5290 festum
857 5227 1049 5308 Epiphaniae
1070 5227 1185 5305 agebat
1197 5227 1230 5287 in
1243 5226 1361 5289 Arabia
1374 5227 1503 5289 civitate
1518 5225 1675 5306 Aegypti,

234 5327 280 5389 Eo
301 5333 440 5405 tempore
461 5323 682 5386 Postumianus
704 5325 813 5386 Gallus
830 5325 939 5404 jugum
953 5324 1039 5386 Sinai
1053 5324 1167 5386 montis
1182 5323 1332 5386 ascendit.
1354 5323 1439 5404 Sulp.
1455 5323 1526 5386 Sev.
1542 5323 1666 5404 Dialog.

233 5425 283 5487 Do
303 5424 411 5486 virtut.
434 5423 660 5485 monachorum.

313 5521 468 5600 ³Peregr.
489 5542 520 5602 p.
541 5523 589 5582 38.
