4622 6572
692 659 737 704 1v.
760 657 805 705 me
827 655 981 704 TEMPORE
1005 655 1300 704 Pmemarloms

959 1164 1024 1246 lv.

603 1443 662 1512 DE
688 1441 918 1514 TEMPORE
944 1442 1396 1514 PEREGRINATIONIS.

356 1735 430 1812 Sed
458 1737 535 1810 iam
562 1759 639 1834 quo
666 1740 839 1835 tempore
865 1738 959 1814 haec
987 1738 1244 1836 peregrinatio
1273 1739 1322 1813 ad
1349 1740 1433 1814 loca
1453 1742 1585 1816 sancta
1612 1740 1716 1815 facta

276 1880 327 1955 sit
354 1902 491 1978 operae
519 1881 711 1979 praetium
739 1886 800 1959 est
826 1883 1105 1979 pervestigare:
1134 1906 1233 1979 quae
1251 1885 1361 1960 nobis
1379 1907 1462 1959 rem
1481 1885 1635 1980 planam
1657 1884 1714 1958 fa·

276 2025 390 2118 ciunt,
409 2030 638 2122 argumenta
665 2049 743 2101 non
771 2011 973 2116 habemus3
1004 2026 1069 2102 sed
1098 2028 1287 2123 quaedam
1307 2029 1356 2102 ad
1375 2027 1590 2120 veritatem,
1615 2031 1713 2101 tam·

277 2194 393 2267 quam
420 2171 566 2246 rivulos
593 2171 643 2246 ad
670 2170 830 2262 fontem,
860 2169 1040 2247 ducentia
1067 2193 1221 2268 carpere
1249 2173 1366 2248 licet.-

357 2315 542 2406 Primum,
572 2340 689 2412 quum
709 2315 755 2390 de
775 2319 946 2412 tempore
966 2317 1217 2412 inquiramus,
1238 2317 1347 2413 quasi
1371 2318 1715 2415 argumentationis

278 2462 395 2556 caput
413 2457 659 2535 retinendum
678 2455 738 2534 est
754 2457 869 2534 illud:
891 2458 994 2556 quod
1014 2461 1273 2556 peregrinatio
1287 2481 1366 2535 non
1384 2462 1507 2537 multo
1526 2465 1614 2558 post
1632 2465 1714 2536 tur·

277 2629 364 2705 pem
390 2601 540 2681 Ioviani
559 2626 646 2679 cum
666 2601 808 2701 Sapore
827 2602 1033 2678 Persarum
1051 2625 1141 2700 rege
1160 2603 1387 2700 pactionem,
1417 2627 1493 2700 qua
1516 2627 1616 2681 anno
1637 2605 1713 2680 363

277 2746 429 2845 imperii
456 2745 604 2821 romani
624 2743 718 2852 fines
746 2743 941 2819 imminuti
969 2747 1073 2839 sunt,
1093 2745 1266 2822 evenisse
1284 2745 1449 2822 videtur.
1469 2745 1595 2822 Verba
1613 2750 1714 2825 enim

276 2889 440 2988 episcopi
464 2890 667 2965 carrarum
685 2910 771 2963 eam
807 2909 887 2964 rem
906 2888 1149 2985 respicientia
1167 2893 1259 2964 sunt
1286 2891 1381 2966 haec
1396 2881 1427 2964 ¹:
1462 2890 1598 2965 “Nam
1626 2892 1715 2968 hinc

281 3091 297 3125 ,‚
318 3034 507 3132 usquead
526 3033 678 3108 Nisibin
701 3033 917 3109 mansiones
936 3036 1029 3108 sunt
1049 3034 1229 3131 quinque,
1249 3034 1394 3111 atinde
1412 3058 1532 3132 usque
1551 3037 1601 3111 ad
1618 3037 1714 3130 Har,

281 3239 297 3271 ,‚
318 3203 417 3279 quae
435 3179 512 3255 fuit
530 3179 666 3255 civitas
694 3177 959 3269 chaldeorum,
980 3177 1079 3253 aliae
1099 3180 1313 3254 mensiones
1332 3182 1424 3254 sunt
1442 3181 1630 3278 quinque:
1651 3183 1715 3257 sed

282 3325 431 3416 „modo
459 3325 512 3399 ibi
539 3346 710 3400 accessus
746 3324 1009 3398 Romanorum
1036 3345 1115 3398 non
1143 3327 1221 3413 est3
1242 3325 1370 3399 totum
1390 3324 1491 3400 enim
1511 3326 1608 3400 illud
1627 3327 1716 3402 Per·

283 3491 382 3558 „sae
409 3471 557 3544 tenent.
584 3467 689 3543 Haec
716 3470 849 3542 autem
877 3489 965 3562 pars
992 3466 1210 3562 specialiter
1251 3467 1469 3542 orientalis
1488 3469 1715 3564 appellatur,

282 3669 298 3701 „
317 3633 416 3708 quae
436 3615 495 3687 est
514 3611 554 3686 in
568 3609 775 3686 confinium
790 3609 1052 3720 Romanorum
1067 3611 1107 3684 et
1120 3610 1325 3685 Persarum
1341 3611 1402 3686 vel
1417 3609 1671 3685 Chaldeorum
1683 3667 1715 3698 „.

278 3755 419 3841 Omnis,
431 3758 476 3829 ut
489 3754 623 3851 liquet,
641 3775 686 3829 ex
702 3754 769 3828 illa
785 3775 876 3830 voce
889 3755 987 3828 modo
1002 3753 1272 3851 interpretatio
1288 3753 1449 3849 pendet:
1466 3776 1599 3830 verum
1614 3755 1717 3830 enim

277 3900 468 3994 quantum
485 3895 669 3993 temporis
701 3896 750 3970 ab
783 3917 883 3969 anno
917 3895 1106 3992 pactionis
1140 3895 1289 3971 Ioviani
1323 3895 1371 3969 ad
1399 3897 1716 3994 peregrinationis

277 4043 448 4139 clapsum
475 4040 538 4134 sit,
567 4041 775 4139 plurimum
802 4043 862 4116 est
889 4039 1129 4116 difficultatis
1158 4041 1318 4136 aperire.

238 4216 241 4221 ·
357 4187 481 4275 Quum
499 4185 705 4282 Peregrina
724 4184 908 4260 Edessam
928 4184 1098 4279 advenit,
1120 4186 1277 4260 ecclesia
1296 4208 1325 4260 s.
1346 4185 1513 4262 Thomas
1527 4191 1612 4262 erat
1629 4211 1718 4264 neoc

277 4333 496 4426 dispositione
509 4328 706 4425 magnifice
721 4323 975 4404 constructa²t
993 4351 1108 4424 quam
1128 4330 1434 4405 aedificationem
1454 4331 1631 4408 catholici
1646 4334 1715 4408 sub

280 4475 440 4550 Valente
476 4473 731 4570 perfecerunt.
769 4470 911 4546 Valens
949 4472 1029 4567 ipse
1068 4493 1168 4546 anno
1199 4472 1275 4546 372
1306 4474 1580 4568 magnitudinis
1612 4475 1716 4549 illius

275 4619 380 4694 fama
407 4619 621 4693 commotus
648 4615 829 4690 Edessam
857 4615 1015 4691 devenit
1043 4615 1222 4691 ecclesiae
1249 4616 1440 4691 videndae
1467 4619 1614 4712 gratia:
1643 4619 1714 4692 ibi·

276 4783 363 4858 que,
392 4784 480 4837 cum
507 4761 663 4835 arianus
691 4762 805 4848 esset,
842 4782 927 4835 eam
954 4759 1256 4857 persecutionem
1283 4761 1324 4834 in
1351 4761 1556 4836 catholicos
1588 4762 1713 4854 inivit,
1743 4753 1745 4758 ’

277 4925 441 5000 quorum
468 4905 513 4978 ut
539 4901 731 4978 neminem
759 4924 837 4977 non
866 4901 979 4976 modo
1007 4901 1201 4977 ecclesiam
1231 4902 1349 4993 adire,
1369 4903 1434 4978 sed
1457 4903 1575 4978 etiam
1603 4926 1649 4978 ex
1668 4927 1714 4981 ea

277 5069 509 5145 quemquam
535 5048 654 5122 arceri
683 5047 848 5121 iusserit.
873 5046 1006 5143 Neque
1025 5051 1224 5144 tamquam
1252 5046 1358 5122 aliud
1386 5048 1569 5144 temporis
1599 5072 1712 5145 argu·

358 5327 368 5362 1

355 5327 512 5503 ’iffi
532 5345 564 5504 pli.
583 5325 634 5485 gia
654 5423 744 5486 Anno
765 5425 825 5486 872
846 5424 964 5488 Valens
985 5424 1017 5486 in
1037 5423 1262 5506 Mesopotamia
1281 5427 1473 5506 versabatur,
1494 5445 1586 5505 quum
1606 5430 1713 5488 contra

275 5521 425 5606 Saporem
444 5543 552 5605 regem
571 5523 740 5586 Persarum
759 5523 874 5586 bellum
894 5529 1011 5604 ageret.
1111 5567 1112 5570 ,
1574 5557 1577 5564 ·
