4604 6560
630 643 693 708 114
1215 663 1314 708 111111
1336 663 1475 710 11111111

627 881 756 954 coetus
794 880 1066 957 ecclesiasticus
1103 883 1304 979 sibijuste
1332 905 1377 960 ac
1403 885 1700 961 misericorditer
1738 884 1893 974 servire,
1923 905 1968 958 ac
1995 906 2062 979 pro

625 1007 774 1080 romani
802 1007 950 1104 imperii
969 1013 1088 1102 statu,
1108 1011 1178 1084 Dei
1198 1013 1468 1107 omnipotentis
1488 1013 1730 1088 clementiam
1750 1033 1907 1086 exorare
1933 1012 2063 1107 queat.

625 1131 735 1207 Unde
762 1156 839 1208 111
867 1135 1058 1212 immerito
1078 1138 1126 1212 ab
1146 1139 1322 1212 omnibus
1341 1139 1469 1234 probis
1488 1161 1533 1213 ac
1552 1138 1787 1235 sapientibus
1816 1115 1994 1234 diligeris,
2021 1159 2066 1212 ac

625 1265 831 1335 veneraris.
860 1261 960 1336 Nam
988 1265 1072 1359 quis
1100 1243 1202 1340 tanti
1221 1265 1294 1339 viri
1314 1265 1618 1341 familiaritatem
1647 1265 1829 1362 spernatl
1858 1265 2063 1340 affabilita-

624 1387 705 1457 tem
733 1388 1006 1483 contempnatl
1035 1388 1263 1462 industriam
1300 1389 1454 1484 fugiatl
1482 1389 1595 1480 Nam,
1623 1393 1669 1462 ut
1697 1389 1875 1462 omittam
1913 1393 2065 1463 caetera

625 1514 792 1586 maxima
820 1516 860 1588 et
891 1515 1043 1610 egregia
1080 1515 1199 1589 vestri
1234 1516 1378 1612 ingenii
1416 1518 1666 1590 monumenta
1703 1515 1878 1610 insignia,
1907 1518 2064 1589 cunctos

626 1640 864 1737 precellentis
892 1641 1041 1715 romani
1068 1642 1218 1739 imperii
1242 1643 1433 1738 sapientes
1452 1643 1618 1716 tulliana
1645 1640 1865 1737 eloquentia
1891 1661 2061 1737 superas,

626 1770 667 1840 et
695 1770 978 1842 antecessorum
1005 1771 1222 1843 vestrorum
1250 1769 1398 1864 largam
1427 1767 1727 1842 munificentiam
1757 1766 1933 1842 omnibus
1961 1766 2064 1841 horis

625 1895 904 1990 momentisque
925 1894 1133 1990 praecellis.
1153 1893 1286 1968 Tantis
1306 1896 1477 1990 inquam,
1497 1897 1537 1969 et
1556 1893 1698 1966 talibus
1717 1913 1785 1967 vos
1813 1913 1969 1967 cernens
1988 1912 2064 1966 ser·

624 2019 677 2091 tis
704 2018 924 2092 redimitum
953 2022 993 2092 et
1019 2018 1160 2093 laureis
1193 2019 1428 2108 decoratum,
1454 2017 1699 2092 Itinerarium
1728 2017 1774 2092 de
1802 2017 1895 2091 locis
1923 2017 2065 2090 sanctis

626 2142 784 2216 anobis
813 2145 1021 2238 utcumque
1049 2145 1260 2233 exaratum,
1291 2146 1332 2217 et
1358 2164 1404 2217 ex
1427 2141 1614 2231 omnibus
1638 2143 1680 2214 ut
1708 2140 1765 2214 ita
1793 2141 1928 2233 dicam,
1957 2139 2064 2213 libris

626 2269 828 2342 collectum
848 2260 873 2359 ¹,
903 2271 1053 2343 vestrae
1073 2268 1306 2343 Paterniteti
1326 2268 1519 2343 destinare
1538 2267 1680 2357 curavi,
1701 2289 1857 2363 poscens
1883 2267 1921 2340 id
1949 2289 1974 2340 a
2001 2287 2064 2341 ve·

625 2395 707 2466 stra
734 2393 943 2468 eminentia
969 2394 1154 2482 roborari,
1184 2395 1224 2466 in
1252 2417 1328 2490 quo
1350 2417 1443 2489 rogo
1467 2416 1545 2468 non
1573 2393 1753 2468 dictantis
1781 2393 1977 2488 ignaviam
2001 2391 2066 2466 sed

625 2518 829 2592 materiam
857 2518 1076 2592 adtendatis
1095 2519 1313 2592 utillimam.
1333 2519 1412 2595 Nec
1430 2519 1520 2594 novi
1540 2541 1608 2594 vos
1628 2521 1668 2593 et
1686 2519 1882 2613 incognita
1907 2521 2064 2592 actenus

625 2643 771 2738 aliquid
799 2643 839 2716 in
865 2644 937 2718 hoc
964 2643 1168 2719 Itinerario
1196 2643 1433 2734 ediscituros,
1453 2645 1517 2719 sed
1536 2666 1594 2734 ea,
1621 2665 1719 2739 quae
1742 2644 1826 2739 jam
1854 2643 1946 2718 viva
1973 2664 2064 2718 voce

625 2770 702 2842 illis
716 2768 981 2859 referentibus,
997 2769 1064 2864 qui
1079 2768 1127 2844 ad
1142 2769 1382 2864 sepulchrum
1397 2768 1550 2842 Domini
1564 2771 1826 2866 perrexerunt,
1844 2768 2064 2860 edidicistis,

626 2895 688 2969 vel
716 2915 773 2984 ea,
789 2916 887 2990 quae
914 2916 981 2989 per
1008 2894 1205 2970 volumina
1234 2894 1383 2969 diversa
1410 2894 1597 2969 librorum
1624 2894 1783 2990 legistis,
1812 2917 1880 2970 nos
1908 2895 1969 2969 hic
1997 2916 2063 2968 no·

627 3020 761 3095 veritis
789 3019 995 3115 collegisse.
1026 3020 1130 3105 Quae
1157 3024 1289 3095 autem
1317 3019 1599 3095 indeclinabilia
1627 3024 1668 3096 et
1695 3022 1879 3096 immania
1908 3020 2064 3117 impedi·

627 3148 758 3220 menta
785 3168 810 3217 a
836 3142 987 3240 perfidis
1016 3148 1056 3218 et
1089 3145 1257 3219 scelestis
1292 3147 1458 3240 utroque
1485 3166 1586 3240 genu
1625 3145 1929 3220 claudicantibus
1956 3146 2064 3219 nobis

627 3271 861 3358 obstiterint,
886 3291 964 3343 non
987 3270 1070 3365 jam
1103 3271 1226 3346 Deum
1254 3294 1400 3360 verum,
1429 3293 1497 3346 vos
1526 3271 1626 3368 ipsos
1660 3271 1840 3362 conscios,
1868 3293 1938 3347 vos
1966 3272 2065 3368 ipsos

627 3397 756 3473 fideles
785 3395 873 3470 inde
900 3396 1146 3472 clamaverim
1164 3401 1295 3473 testes.
1317 3398 1495 3501 Ceterum
1514 3397 1563 3470 ad
1581 3397 1781 3471 tantillum
1809 3397 1937 3494 spatii,
1965 3396 2064 3493 quod

627 3545 648 3598 e
666 3523 851 3618 largitate
870 3521 1022 3597 divinae
1041 3523 1303 3618 indulgentiae
1327 3523 1505 3599 relictum
1525 3525 1594 3612 est,
1615 3522 1720 3597 istud
1739 3522 1965 3619 opusculum
1984 3543 2066 3598 cae·

627 3648 716 3723 11111
745 3647 1007 3722 munificentia
1035 3647 1155 3736 edidi;
1177 3648 1366 3723 confidens
1384 3647 1653 3723 nichilominus
1672 3647 1719 3722 de
1738 3648 1831 3738 Deo,
1851 3647 1898 3722 de
1925 3648 2065 3723 nostris

627 3774 788 3849 aemulis
816 3773 1044 3869 quandoque
1071 3774 1181 3848 nobis
1205 3775 1407 3848 victoriam
1431 3774 1673 3848 collaturum.
1704 3772 1810 3848 Sicut
1837 3775 1941 3847 enim
1967 3797 2066 3847 nun-

627 3925 743 3997 quam
771 3899 817 3972 fit
844 3921 938 3994 opus
967 3899 1143 3990 solidum,
1168 3899 1199 3974 si
1219 3899 1359 3974 artilex
1379 3900 1517 3990 omnia,
1535 3903 1664 3996 prout
1690 3900 1791 3975 ratio
1828 3900 1962 3996 poscit,
1989 3921 2066 3974 non

627 4027 747 4120 aptet,
776 4025 830 4098 sic
857 4007 979 4097 omnis
1007 4025 1179 4119 scriptor,
1196 4047 1356 4098 manans
1383 4023 1612 4098 multimoda
1639 4024 1885 4114 verbositate,
1919 4024 2066 4097 nullam

627 4150 786 4224 habebit
825 4150 1038 4224 valentiam
1078 4148 1214 4224 edendi
1252 4150 1480 4245 scripturam
1516 4150 1716 4224 dulcedine
1756 4150 1909 4241 fertem,
1952 4153 2067 4245 prout

628 4273 782 4349 0111111
811 4275 1097 4350 strenuissimus
1126 4276 1258 4348 orator
1287 4274 1504 4371 inscriptis
1532 4274 1610 4348 suis
1638 4274 1813 4370 reliquid,
1843 4274 1990 4350 dicens:

896 4473 1004 4548 Omne
1030 4475 1107 4548 tulit
1129 4481 1310 4566 puuctum,
1339 4475 1399 4568 qui
1425 4475 1560 4548 11111111
1587 4475 1671 4548 utile
1697 4474 1810 4548 dulci:

710 4734 1022 4814 1Quamquamipse
1052 4735 1085 4795 in
1105 4754 1160 4796 suo
1183 4733 1334 4794 Chronico
1366 4734 1399 4815 (l.
1420 4734 1477 4798 IV.
1499 4754 1524 4795 c.
1546 4735 1598 4814 67)
1622 4733 1738 4810 eadem,
1770 4753 1849 4812 quae
1876 4733 1927 4795 bic
1948 4733 2066 4813 scribit,

627 4833 788 4893 adfirmat:
812 4856 827 4890 ι
849 4834 898 4894 De
919 4839 1002 4895 terra
1021 4833 1283 4913 repromissionis,
1303 4832 1505 4894 Itinerarium
1519 4852 1558 4893 ex
1569 4832 1709 4894 omnibus
1724 4832 1883 4893 veteribus
1893 4831 1984 4894 libris
1996 4832 2067 4894 col-

626 4932 715 5009 legit,
738 4939 770 4992 et
790 4931 946 4992 Guibeldo
967 4931 1147 4994 cassinensi
1169 4932 1273 4993 abbati
1289 4931 1406 4993 dicavit
1418 4951 1453 5010 ς»
1468 4940 1583 5008 tamen,
1596 4938 1632 4992 ut
1643 4931 1763 5011 patebit
1785 4931 1876 5010 infra,
1895 4951 2067 5011 perpaucos

626 5031 724 5090 libros
745 5029 940 5107 conquisivit.
962 5029 1098 5103 Quorum
1119 5029 1244 5107 quidem
1263 5030 1396 5109 primam
1416 5037 1448 5091 et
1467 5031 1614 5092 maiorem
1641 5036 1762 5110 partem
1788 5031 1951 5110 occupavit
1980 5031 2068 5093 Beda

626 5129 660 5189 in
680 5127 758 5188 libro
781 5150 796 5184 ι
818 5128 868 5188 De
888 5127 965 5189 locis
987 5130 1104 5190 sanctis
1126 5152 1142 5188 a
1166 5149 1258 5206 quem
1278 5136 1379 5190 totum
1399 5131 1514 5190 Petrus
1536 5129 1693 5208 excripsit.
1716 5129 1839 5191 Deinde
1860 5131 1958 5191 multa
1980 5131 2067 5192 ePe

627 5224 835 5302 regrinetione
858 5223 889 5285 S.
911 5225 1026 5286 Silviae
1048 5225 1211 5305 excerpsit,
1235 5233 1266 5287 et
1288 5226 1434 5305 quioquid
1449 5226 1535 5305 operi
1549 5225 1687 5303 locisque
1701 5225 1869 5307 descriptis
1880 5227 2066 5288 conveniens

628 5323 801 5400 videbatur,
828 5324 928 5384 textui
955 5324 1075 5386 bedano
1103 5325 1245 5388 inseruit.
1268 5324 1381 5387 Cetera
1402 5333 1505 5388 antem
1526 5346 1564 5385 ex
1584 5325 1742 5404 opusculis
1757 5325 1879 5388 infimae
1894 5327 2066 5388 1111111111-

630 5422 782 5499 prompsit
794 5441 829 5482 ac
841 5441 858 5482 1
869 5421 942 5482 viva
951 5441 1027 5484 voce
1037 5423 1279 5503 peregrinorum,
1291 5424 1345 5501 qui
1354 5424 1584 5502 Hierosolymis
1595 5423 1762 5486 redeuntes
1774 5425 1921 5486 Casinum
1932 5425 2065 5488 obibant.

632 5519 718 5597 Quae
740 5519 849 5596 omnia,
870 5522 1053 5599 praesertim
1074 5521 1114 5582 ad
1134 5522 1421 5599 Peregrinatiouem
1443 5523 1625 5604 spectantia,
1640 5522 1861 5603 distinguenda
1882 5525 2065 5589 curavimus.
