4622 6572
569 669 612 735 36
1063 688 1090 732 s.
1114 687 1245 734 srnvrnn
1268 686 1515 732 ruuaoruusrro

565 907 638 1002 ipsi
666 907 857 998 dicebant)
878 909 917 980 in
937 907 1050 1002 longo
1065 909 1172 980 milia
1191 930 1319 1004 passos
1339 907 1501 982 forsitan
1521 908 1696 999 sedecim,
1717 909 1756 982 in
1771 909 1853 982 lato
1877 911 2013 981 autem

566 1037 752 1127 quattuor
770 1033 877 1106 milia
896 1055 976 1108 esse
995 1035 1251 1129 appellabant.
1271 1034 1396 1129 Ipsam
1418 1057 1508 1129 ergo
1537 1035 1682 1110 vallem
1701 1058 1770 1109 nos
1795 1039 2014 1110 traversare

565 1159 812 1252 habebamus
842 1161 886 1232 ut
913 1161 1100 1256 possimus
1128 1164 1299 1233 montem
1328 1161 1488 1256 ingredi.
1519 1161 1625 1235 Haec
1653 1164 1712 1235 est
1741 1166 1873 1236 autem
1900 1163 2014 1238 vallis

565 1286 698 1381 ingens
725 1289 766 1360 et
784 1286 1015 1381 planissima,
1040 1288 1077 1358 in
1097 1311 1174 1382 qua
1194 1287 1260 1362 filii
1281 1287 1401 1360 lsrael
1421 1289 1647 1361 commorati
1666 1291 1757 1360 suut
1781 1288 1841 1362 his
1865 1288 2011 1378 diebuS,

566 1403 736 1507 quando¹
765 1414 919 1484 sanctus
947 1411 1097 1507 Moyses
1129 1412 1300 1486 ascendit
1330 1413 1370 1484 in
1398 1417 1568 1487 montem
1598 1413 1763 1503 Domini,
1788 1416 1828 1487 et
1855 1413 1932 1486 fuit
1959 1413 2015 1486 ibi

567 1537 824 1632 quadraginta
844 1537 975 1610 diebus
995 1540 1034 1610 et
1054 1538 1309 1632 quadraginta
1327 1537 1519 1612 noctibus
1540 1537 1644 1612 Haeo
1662 1541 1720 1612 est
1740 1541 1870 1613 autem
1887 1539 2012 1628 vallia

567 1664 606 1735 in
627 1686 703 1757 qua
717 1661 841 1735 factus
861 1665 920 1734 est
937 1663 1101 1736 vitulus:
1124 1664 1189 1758 qui
1208 1663 1313 1736 loeus
1335 1685 1454 1758 usque
1476 1664 1516 1735 in
1536 1663 1649 1736 hodie
1669 1663 1905 1736 ostenditur:
1921 1688 2014 1737 nam

566 1787 663 1883 lapis
691 1787 845 1882 grandis
873 1787 927 1859 ibi
954 1786 1052 1874 fixus
1080 1788 1219 1860 stetin
1247 1789 1327 1883 ipso
1346 1788 1441 1861 loco.
1462 1788 1570 1863 Haec
1588 1812 1678 1883 ergo
1699 1788 1810 1862 vallis
1830 1789 1913 1884 ipsa
1941 1793 2013 1879 est,
2049 1791 2085 1804 “”

566 1915 607 1988 in
635 1913 743 1987 ouius
770 1914 894 2008 capite
922 1913 987 1987 ille
1021 1914 1126 1987 loeus
1156 1917 1225 2004 est,
1255 1914 1320 1986 ubi
1349 1917 1503 1988 sanctus
1532 1916 1693 2011 Moyses,
1723 1938 1809 1988 oum
1838 1918 2013 2010 pasceret

566 2062 702 2136 pecora
730 2039 848 2113 soceri
867 2039 1104 2128 sui-iterum
1123 2041 1274 2112 locutus
1296 2043 1355 2114 est
1375 2040 1411 2112 ei
1431 2039 1533 2118 Deus
1553 2040 1599 2114 de
1617 2041 1714 2114 rubo
1733 2041 1774 2113 in
1803 2041 1893 2136 igne
1912 2034 1935 2114 ².
1962 2041 2015 2114 Et

567 2165 748 2259 quoniam
767 2163 875 2266 nobis
894 2163 950 2235 ita
969 2165 1053 2236 erat
1072 2163 1159 2252 iter,
1175 2165 1221 2235 ut
1235 2163 1339 2256 prius
1359 2164 1530 2236 montem
1544 2163 1615 2236 Dei
1631 2164 1930 2255 ascenderemus,
1948 2165 2017 2259 qui

565 2291 653 2364 hine
671 2293 791 2386 paret,
814 2290 914 2362 unde
937 2289 1179 2363 veniebamus
1197 2287 1329 2363 melior
1345 2312 1520 2364 ascensus
1540 2293 1644 2363 erat:
1662 2293 1702 2366 et
1717 2291 1808 2364 illue
1823 2291 1948 2364 denuo
1966 2290 2016 2363 ad

566 2416 663 2489 illud
677 2417 794 2509 caput
810 2415 918 2489 vallis
928 2413 1299 2504 descenderemus-id
1309 2417 1368 2488 est
1383 2415 1449 2488 ubi
1464 2416 1582 2489 rubus
1596 2420 1690 2505 erat,
1701 2417 1936 2511 quiamelior
1951 2415 2016 2489 de·

491 2617 512 2627 ,
568 2561 720 2614 soensus
730 2541 871 2613 montis
883 2539 954 2613 Dei
964 2539 1080 2614 e1·at⁸.
1093 2539 1185 2613 inde
1201 2540 1331 2634 itaque
1348 2543 1388 2614 e't
1403 2541 1474 2614 hoc
1488 2540 1644 2634 placuit,
1662 2544 1707 2614 ut
1720 2541 1812 2615 visis
1828 2541 2017 2630 omnibus,

569 2687 666 2761 quae
686 2665 1005 2755 desiderabamus,
1027 2665 1295 2739 descendentes
1315 2689 1339 2738 a
1358 2669 1489 2740 monte
1509 2665 1591 2757 Dei,
1609 2667 1675 2740 ubi
1696 2670 1755 2740 est
1769 2668 1890 2740 rubus
1911 2665 2018 2740 veni-

568 2815 716 2867 remus:
732 2795 771 2866 et
789 2791 877 2866 inde
896 2794 1023 2866 totum
1043 2813 1110 2886 per
1128 2792 1293 2866 mediam
1312 2793 1453 2867 vallem
1470 2793 1605 2888 ipsam,
1624 2817 1700 2889 qua
1715 2793 1816 2868 iacet
1835 2795 1876 2867 in
1890 2794 2018 2890 longo,

568 2917 778 2991 rediremus
798 2916 847 2989 ad
864 2917 941 2990 iter
960 2938 1047 2990 eum
1067 2916 1283 2990 hominibus
1304 2915 1386 3007 Dei,
1416 2918 1481 3012 qui
1496 2918 1605 2990 nobis
1631 2918 1781 3013 singula
1798 2919 1882 2992 loca
1916 2941 2018 3014 quae

568 3041 710 3137 scripta
721 3043 823 3131 sunt,
834 3064 901 3136 per
915 3043 1035 3137 ipsam
1047 3042 1189 3114 vallem
1204 3021 1471 3132 ostendebant,
1484 3043 1583 3115 sicut
1597 3044 1637 3116 et
1652 3042 1800 3115 factum
1812 3046 1887 3148 est..
1932 3045 2017 3118 obis

568 3189 659 3262 ergo
675 3168 856 3242 euntibus
871 3169 919 3241 ab
932 3189 976 3242 eo
991 3169 1086 3258 loco,
1099 3168 1165 3241 ubi
1180 3167 1376 3242 venientes
1387 3192 1411 3241 a
1421 3169 1545 3241 Faran
1560 3169 1776 3244 feceramus
1791 3169 2020 3262 orationem,

568 3293 645 3368 iter
674 3295 726 3368 sie
754 3293 841 3385 fuit,
858 3297 903 3368 ut
931 3315 998 3390 per
1024 3294 1194 3367 medium
1221 3297 1568 3388 transversaremus
1597 3296 1715 3389 caput
1743 3294 1860 3390 ipsius
1888 3295 2016 3387 vallis

570 3422 611 3493 et
638 3419 691 3494 sic
717 3419 953 3514 placaremus
980 3442 1049 3493 nos
1077 3419 1126 3491 ad
1154 3422 1324 3492 montem
1343 3419 1425 3494 Dei.
1436 3389 1553 3492 ileos
1575 3421 1707 3494 autem
1735 3419 1906 3515 ipseper
1933 3420 2019 3515 giro

573 3545 726 3639 quidem
767 3567 866 3619 unus
903 3565 983 3618 esse
1019 3544 1193 3632 videtur;
1220 3544 1306 3618 iter
1338 3547 1469 3618 autem
1497 3545 1598 3638 quod
1629 3545 1850 3640 ingrederis,
1885 3545 2019 3640 plures

570 3673 673 3762 sunt,
710 3670 776 3744 sed
812 3673 941 3744 totum
974 3693 1083 3745 mons
1110 3671 1182 3743 Dei
1219 3670 1445 3765 appellatur,
1484 3671 1654 3766 specialis
1694 3673 1825 3745 autem
1864 3672 1941 3762 ille,
1975 3673 2020 3746 in

570 3985 721 4045 sermone,
743 3965 795 4044 qui
817 3983 884 4027 eam
906 3965 1141 4048 comitabantur)
1161 3967 1199 4028 de
1213 3973 1280 4029 tota
1293 3968 1374 4030 valle
1388 3967 1531 4028 sinaitica
1545 3967 1662 4028 duabus
1685 3966 1839 4044 contiguis
1855 3967 2023 4028 coniuncta

569 4064 704 4126 vallibus
720 4064 996 4146 (Ouadi-el-Ledja,
1015 4073 1043 4126 et
1060 4066 1321 4147 Ousdiai-Deme
1336 4067 1397 4128 nisi
1412 4066 1554 4127 malimus
1570 4085 1637 4126 eam
1648 4065 1761 4126 vallem
1779 4065 2021 4144 pulcherrimam

570 4161 622 4223 hio
640 4161 813 4239 memorari,
840 4182 918 4240 quae
947 4162 1106 4224 civitatem
1136 4163 1238 4224 Faran
1259 4171 1291 4224 et
1318 4165 1431 4224 vallem
1459 4165 1619 4224 el-Ralsolr
1639 4162 1812 4241 interiacet,
1834 4163 1884 4223 cui
1904 4183 2020 4223 nomen

571 4267 621 4322 est
645 4261 893 4335 Orodi-Fabae,
909 4281 1048 4339 quaeque
1069 4261 1102 4322 in
1122 4261 1348 4339 longitudinem
1367 4281 1465 4340 usque
1487 4262 1526 4323 ad
1546 4262 1651 4322 kilom.
1666 4261 1780 4341 viginti
1801 4262 1868 4323 sive
1889 4261 1929 4323 ad
1951 4262 2020 4322 mil-

570 4359 613 4420 lia
631 4380 756 4420 romana
777 4359 934 4421 sexdecim
964 4360 1089 4422 circiter
1114 4360 1244 4439 produci
1264 4361 1453 4438 perhibetur.
1483 4361 1585 4434 Quum
1613 4361 1751 4440 profecto
1779 4363 1885 4422 ambas
1907 4361 2020 4423 eadem

570 4455 622 4519 die
642 4458 813 4536 Peregrina
832 4458 1018 4536 traiecisset,
1038 4458 1195 4537 possimus
1209 4478 1248 4518 ne
1262 4460 1373 4536 vereri,
1395 4479 1434 4520 ne
1460 4458 1610 4537 quaedam
1631 4459 1764 4519 animum
1786 4459 1852 4519 aius
1879 4459 2021 4519 subisset

572 4553 721 4634 confusio,
742 4563 845 4617 utrum
864 4557 898 4617 in
919 4556 1081 4618 scribendo
1102 4557 1231 4617 alteram
1251 4575 1306 4636 pro
1322 4559 1420 4619 altera
1440 4557 1522 4619 valle
1549 4557 1754 4636 commutarit,
1776 4578 1816 4617 an
1837 4577 1875 4619 ex
1895 4557 2018 4618 duabus

572 4651 683 4716 feeerit
702 4653 816 4716 unam?

655 4752 665 4788 ¹
684 4755 754 4824 Qua
774 4775 829 4834 pro
850 4757 974 4832 quando
994 4754 1112 4832 passim
1133 4755 1279 4816 scribitur
1299 4755 1333 4816 in
1353 4754 1468 4816 codice.

594 4835 599 4845 ⁸
653 4851 788 4913 ²Rnbus
809 4853 930 4931 ardens,
951 4873 1041 4930 quem
1062 4853 1143 4914 vidit
1163 4853 1289 4932 Moises,
1311 4874 1347 4914 eo
1367 4854 1401 4915 in
1421 4855 1488 4914 loco
1509 4860 1566 4932 est,
1581 4854 1636 4914 ubi
1654 4851 1875 4914 monasterium
1889 4859 2021 4916 sanotae

575 4951 759 5013 catharinae
780 4949 916 5012 dicatum
937 4953 1030 5013 etiam
1050 4973 1129 5014 nunc
1144 4973 1162 5014 a
1175 4953 1347 5031 peregrinis
1369 4951 1551 5014 celebratur.
1573 4951 1675 5024 Quum
1689 4951 1742 5012 ille
1758 4951 1790 5010 in
1805 4950 1907 5030 capite
1923 4950 2020 5014 vallis

573 5057 706 5128 notetur,
727 5050 948 5128 intelligendus
969 5051 1058 5112 nobis
1073 5051 1170 5112 estin
1185 5058 1321 5114 extrema
1334 5053 1415 5112 valle
1430 5053 1590 5112 el-Robat
1610 5051 1732 5130 positus
1748 5049 1788 5112 ad
1801 5051 1885 5112 latus
1900 5049 2018 5113 montis

574 5147 689 5208 Horeb.

655 5244 734 5306 3Αᾶ
754 5246 978 5326 assequendum
997 5247 1112 5308 montis
1133 5247 1243 5308 Moisis
1266 5249 1532 5328 (Debet-Moeso)
1561 5247 1709 5309 verticem
1735 5246 1973 5326 peregrinantes
2000 5265 2021 5309 e

575 5343 761 5406 monasterio
782 5363 808 5405 s.
830 5343 1010 5405 catharinae
1028 5345 1182 5424 proficisci
1196 5347 1315 5407 solent:
1335 5347 1394 5407 hoc
1409 5346 1469 5408 iter
1483 5347 1576 5407 etiam
1590 5347 1767 5407 Antoninus
1781 5351 1900 5424 martyr
1914 5367 1942 5407 a.
1957 5347 2022 5406 570

578 5440 639 5520 (De
659 5444 713 5502 loo.
734 5449 918 5520 sanctem.
938 5441 1132 5526 XXXVHI)
1155 5445 1301 5526 suscepit,
1323 5446 1405 5524 quod
1426 5451 1571 5507 anostra
1591 5446 1689 5508 satius
1708 5445 1834 5523 eligitur
1853 5445 1887 5506 in
1900 5445 2020 5508 reditu.

577 5538 665 5614 Quae
684 5545 788 5601 autem
808 5539 906 5601 altera
925 5561 997 5620 pars
1018 5541 1069 5620 sit,
1090 5563 1150 5620 qua
1170 5548 1244 5604 tunc
1264 5545 1373 5606 melior
1393 5557 1541 5606 aseensus
1562 5550 1637 5623 erat,
1651 5565 1713 5606 non
1729 5545 1808 5606 bene
1829 5543 2019 5610 declaratur.
