4622 6572
595 613 637 677 18
1225 628 1250 674 s.
1276 625 1404 672 nitran

592 721 748 732 nu——u-
1545 718 1598 728 ‘⁸¹⁵-

670 851 852 948 Magnum
879 852 939 926 est
965 850 1006 924 in
1023 849 1094 941 his,
1115 871 1213 944 quae
1231 849 1300 924 sub
1319 848 1546 944 patriarchis
1565 851 1673 944 gesta
1699 851 1801 940 sunt,
1822 850 1879 923 ita
1901 872 2027 926 rerum

589 968 791 1052 effectum¹
822 975 1019 1066 contineri,
1049 977 1095 1047 ut
1121 973 1218 1048 nihil
1246 973 1318 1048 sibi
1336 974 1377 1046 in
1403 973 1474 1065 his,
1509 996 1607 1068 quae
1634 977 1767 1068 postea
1794 974 1834 1048 in
1863 975 2027 1049 Domino

588 1103 740 1197 expleta
767 1105 869 1192 sunt,
899 1123 967 1175 neo
994 1100 1076 1174 loco
1105 1121 1173 1172 nec
1200 1101 1371 1195 tempore
1399 1119 1468 1172 nec
1496 1099 1647 1173 ratione
1675 1098 1869 1174 dissideat.
1899 1099 1945 1172 In
1981 1121 2026 1174 eo

587 1229 689 1300 enim
717 1224 916 1300 absolutae
942 1225 1120 1301 veritatis
1149 1225 1309 1320 speciem
1329 1223 1497 1298 imitatio
1525 1223 1731 1318 praemissa
1758 1225 2025 1318 consequitur;

587 1350 627 1425 et
653 1351 852 1445 tamquam
879 1351 1006 1445 imago
1025 1339 1139 1424 eius²
1172 1349 1329 1442 formae,
1364 1349 1471 1423 cuius
1500 1350 1558 1423 est
1585 1348 1750 1439 aemula,
1770 1352 2025 1444 comparatur.

587 1471 703 1547 Gesta
729 1496 895 1569 namque
923 1473 1104 1568 sibiipsa
1132 1473 1285 1570 quidem
1314 1474 1456 1549 veritas
1486 1476 1556 1566 est,
1581 1473 1790 1548 secundum
1815 1475 1917 1548 enim
1944 1496 2024 1548 cor·

585 1600 734 1694 porales
763 1599 983 1675 efficientias
1012 1601 1218 1696 agebatur;
1248 1599 1314 1674 sed
1351 1598 1433 1696 ipsa
1469 1600 1539 1673 illa
1577 1599 1834 1675 humanorum
1868 1603 2025 1674 actuum

584 1723 728 1798 veritas
756 1724 909 1800 divinae
936 1727 1021 1798 erat
1048 1723 1281 1820 operationis
1314 1723 1496 1815 imitati0,
1526 1727 1566 1798 et
1603 1723 1674 1798 hoc
1711 1725 1760 1798 ad
1788 1746 1918 1800 veram
1945 1724 2026 1821 spei

584 1851 738 1924 nostrae
766 1871 809 1924 ac
835 1849 924 1924 fidei
952 1849 1205 1925 eruditionem
1233 1849 1290 1923 ita
1318 1848 1448 1942 fiebat,
1488 1872 1575 1924 cum
1608 1850 1704 1923 nihil
1733 1851 1773 1923 in
1813 1849 1884 1924 Dei
1911 1850 2025 1924 rebus

583 1975 826 2071 reperiretur,
842 1975 943 2071 quod
970 1999 1047 2050 non
1066 1979 1266 2071 tamquam
1284 1975 1606 2072 praemeditatum
1636 1979 1751 2051 antea
1770 1977 1810 2050 in
1837 1978 1927 2071 ipsis
1954 1977 2023 2050 ho-

582 2101 729 2174 minum
757 2105 797 2176 et
824 2101 1017 2176 aetatibus
1045 2104 1085 2176 et
1112 2101 1282 2176 moribus
1310 2105 1349 2175 et
1387 2101 1583 2176 effectibus
1622 2105 1852 2177 cerneretur.
1883 2102 2020 2187 Quam-

583 2247 697 2318 quam
712 2225 813 2299 enim
828 2226 932 2300 omni
946 2225 1139 2320 superiore
1155 2247 1328 2300 sermone
1344 2229 1538 2300 ostensum
1555 2225 1606 2298 sit
1623 2247 1741 2321 usque
1760 2225 1809 2298 ad
1828 2247 2021 2321 egressum

580 2349 712 2445 populi
739 2371 787 2423 ex
814 2349 1001 2445 Aegypto,
1029 2350 1155 2446 Moysi
1181 2351 1290 2446 gesta
1317 2371 1402 2423 cum
1431 2349 1548 2444 gestis
1576 2353 1646 2424 aut
1683 2351 1723 2423 in
1758 2349 1921 2423 Domino
1949 2351 2021 2422 aut

518 2495 553 2554 17
580 2495 647 2569 per
674 2475 881 2548 Dominum
909 2476 1130 2551 convenire:
1150 2480 1282 2550 tamen
1310 2475 1428 2550 etiam
1455 2499 1556 2550 nunc
1580 2472 1587 2574 Ι
1611 2497 1813 2572 corporeae
1844 2474 2023 2550 veritatis

579 2597 747 2673 imitatio
784 2600 994 2695 spiritualis
1031 2602 1260 2676 adnectitur.
1296 2600 1342 2674 In
1381 2601 1530 2675 deserto
1564 2604 1695 2675 autem
1728 2600 1891 2697 populus
1923 2599 2023 2674 sitiit

579 2745 699 2818 aqua:
729 2747 861 2800 amara
888 2729 967 2800 est:
988 2749 1163 2799 murmur
1190 2727 1230 2800 in
1250 2725 1384 2802 ducem
1404 2728 1473 2815 est,
1499 2725 1646 2820 lignum
1673 2724 1914 2812 ostenditur;
1943 2725 2021 2797 tin·

578 2849 720 2942 ctuque
747 2848 829 2922 eius
857 2872 958 2944 aqua
977 2849 1096 2923 dulcis
1115 2848 1291 2941 efficitur,
1312 2850 1410 2924 etin
1430 2871 1474 2924 eo
1491 2851 1531 2923 et
1545 2846 1779 2939 iustificatio,
1808 2852 1849 2923 et
1865 2849 2020 2939 iudicia,

578 2974 618 3044 et
636 2973 841 3068 temptatio
862 2973 1090 3048 decernitur.
1106 2974 1236 3070 Atque
1251 2974 1385 3050 exinde
1401 2975 1449 3048 ad
1463 2974 1664 3048 duodecim
1679 2974 1805 3050 fontes
1831 2997 2020 3069 aquarum

577 3098 618 3171 et
630 3099 875 3193 septuaginta
889 3099 1043 3174 arbores
1057 3100 1272 3195 palmarum
1286 3100 1452 3191 venitur,
1468 3102 1509 3174 et
1523 3100 1625 3194 apud
1652 3122 1772 3195 aquas
1793 3099 2017 3175 considitur.

576 3219 768 3296 Avertant
795 3222 886 3298 licet
913 3226 1059 3299 mentes
1096 3223 1226 3298 studia
1258 3225 1527 3315 obnitentium,
1562 3227 1603 3298 et
1637 3224 1849 3299 infidelium
1881 3215 2020 3299 error³

575 3345 857 3424 inobedientiae
876 3348 981 3423 obice
999 3371 1152 3424 sensum
1165 3341 1179 3381 ⁴
1194 3349 1472 3445 intelligentiae
1492 3370 1583 3424 suae
1603 3351 1765 3440 obseret,
1784 3371 1862 3424 non
1885 3351 2019 3424 tamen

575 3472 678 3545 tanti
705 3474 828 3568 operis
847 3475 1030 3570 poterunt
1047 3474 1224 3569 ignorare
1242 3476 1439 3550 virtutem.
1460 3474 1558 3562 Quid
1582 3474 1743 3551 enimin
1771 3497 1811 3548 se
1833 3473 2020 3550 momenti

574 3596 721 3692 lignum
757 3598 944 3690 habebat,
983 3621 1148 3694 quamve
1184 3599 1392 3674 efficaciam
1428 3601 1469 3673 in
1506 3623 1547 3674 re
1582 3600 1763 3674 materies
1800 3600 1841 3673 in
1879 3599 2018 3673 animis

573 3723 805 3814 continebat,
826 3725 873 3796 ut
900 3723 1196 3798 amaritudinem
1229 3724 1401 3799 aboleret
1418 3716 1443 3816 ⁵,
1480 3727 1524 3798 ut
1556 3725 1793 3812 dulcedinem
1826 3725 2015 3818 gigneret,

574 3849 620 3919 ut
644 3850 825 3920 naturam
854 3851 894 3922 et
920 3847 1130 3940 inveheret,
1159 3851 1200 3923 et
1228 3848 1411 3941 auferret,
1432 3849 1523 3922 dum
1540 3849 1592 3941 id,
1613 3849 1716 3946 quod
1743 3849 1855 3923 triste
1874 3848 2013 3923 abhor-

572 3971 683 4045 rebat
699 3964 739 4063 ⁶,‘'
759 3972 867 4047 dulce
904 3973 1095 4047 sentitnri
1133 3972 1184 4046 Et
1219 3975 1310 4068 quia
1345 3974 1385 4047 in
1419 3996 1475 4066 eo,
1513 3975 1613 4070 quod
1650 3973 1700 4047 ad
1736 3995 1914 4071 praesens
1949 3996 2014 4069 ga·

571 4096 740 4189 rebatur,
770 4097 975 4173 efficientia
1003 4101 1062 4173 est
1089 4098 1246 4173 virtutis
1275 4099 1356 4190 Dei,
1385 4101 1426 4172 in
1454 4098 1560 4172 aliud
1596 4101 1777 4172 naturam
1814 4119 1859 4173 ex
1887 4098 2013 4174 altero

570 4223 857 4300 transferentis:
885 4227 1017 4299 tamen
1051 4245 1127 4298 non
1163 4223 1311 4319 eguisse
1344 4223 1439 4319 ligni
1458 4223 1582 4298 officio
1612 4222 1909 4297 existimandum
1937 4226 2010 4313 est,

570 4351 616 4420 ut
653 4349 954 4424 demutationem
991 4349 1099 4444 aquis
1136 4371 1213 4422 non
1250 4350 1323 4423 nisi
1356 4349 1437 4423 eius
1474 4349 1742 4424 intercessione
1778 4351 2010 4445 praestaret.

569 4471 713 4548 Verum
727 4475 817 4569 quia
832 4474 959 4548 omnia
975 4473 1076 4549 Deus
1091 4476 1256 4568 poterat,
1273 4497 1455 4549 arcanum
1469 4467 1481 4510 ⁷
1497 4473 1730 4570 operationis
1750 4473 1803 4547 sic
1822 4473 1861 4546 in
1881 4495 1982 4567 aqua
1997 4463 2012 4507 ⁸

569 4601 819 4690 reservatum,
835 4601 993 4674 molitur
1007 4601 1048 4672 in
1063 4621 1254 4696 praesens.
1270 4599 1417 4694 Populo
1437 4621 1603 4695 namque
1618 4598 1658 4673 in
1674 4599 1823 4673 deserto
1843 4598 2012 4672 moranti

570 4746 671 4817 aqua
698 4725 846 4798 inutilis
864 4715 985 4814 erat⁹3
1007 4729 1047 4799 et
1075 4725 1228 4821 quidem
1252 4725 1412 4820 populos
1440 4747 1508 4820 pro
1537 4727 1647 4819 aquis
1675 4745 1786 4820 saepe
1813 4743 2010 4818 nuncupa-

569 4850 630 4921 tos
648 4849 869 4944 reperimus,
890 4871 977 4922 cum
996 4849 1135 4924 dicitur
1149 4840 1187 4923 ¹⁰:
1212 4852 1228 4885 “
1252 4848 1443 4923 Viderunt
1455 4851 1496 4923 te
1515 4870 1649 4943 aquae,
1670 4848 1771 4924 Deus
1791 4902 1806 4934 ,
1825 4871 1832 4920 :
1852 4849 1893 4921 et
1925 4870 2014 4919 rur-

650 5095 658 5129 ¹
676 5087 853 5151 effectarum
876 5125 910 5135 —
935 5097 946 5130 ¹
960 5087 1047 5152 cuius
1063 5125 1097 5137 -
1113 5097 1125 5131 ³
1139 5089 1248 5153 horror
1263 5125 1304 5136 —
1318 5101 1329 5132 ⁴
1346 5111 1456 5154 senene
1470 5099 1536 5137 -ὅ
1552 5088 1744 5152 avolaret-
1758 5097 1769 5130 ⁶
1785 5087 1949 5150 aberrabat
1969 5122 2011 5134 -—

570 5189 579 5225 ²
603 5186 767 5248 archanum
789 5223 823 5233 -
847 5196 859 5228 ⁸
880 5187 955 5249 Ood.
975 5189 1086 5250 habet:
1110 5188 1143 5250 'm
1167 5195 1233 5267 apa.
1261 5189 1417 5250 Incertum
1437 5189 1522 5267 mihi,
1544 5187 1619 5267 qnid
1641 5187 1702 5249 sibi
1723 5186 1862 5249 velit-
1882 5195 1894 5229 ⁹
1915 5185 2012 5248 Intel-

567 5282 648 5360 lige:
669 5285 755 5362 potui
776 5292 850 5365 apta
868 5305 929 5347 non
950 5293 1018 5347 erat
1040 5319 1075 5332 -
1104 5294 1127 5328 ¹⁰
1148 5287 1263 5348 Psalm.
1292 5286 1442 5348 LXXVI.
1464 5287 1512 5347 De
1533 5285 1627 5346 simili
1653 5285 1907 5363 interpretatione
1935 5283 2010 5346 vide

569 5381 600 5441 S.
613 5381 767 5442 Hilarium
786 5383 818 5442 in
832 5385 939 5444 Enarr.
954 5385 986 5443 in
999 5383 1116 5446 Psalm.
1130 5383 1246 5464 LXVI,
1263 5391 1294 5446 et
1308 5386 1362 5446 Pe.
1377 5384 1494 5464 XLVI,
1509 5387 1545 5444 2:
1574 5383 1718 5446 «Omnes
1739 5391 1848 5462 gentes
1868 5382 2008 5461 plaudite

568 5479 735 5541 manibus>
758 5481 841 5558 vulg.
1523 5493 1531 5506 “
