4622 6572
788 619 832 664 na
855 617 1032 666 nrxsrrmrs
1056 615 1099 664 nr
1123 616 1230 665 uratur
1687 595 1726 662 13

292 840 391 914 esset
427 831 613 914 hebetus¹
643 839 773 930 oculis,
803 835 1351 914 secundumconsuetudinem
1379 826 1585 910 monente²
1612 835 1729 920 Esau,

292 967 338 1038 ut
364 963 438 1038 sibi
464 987 509 1039 ex
537 965 742 1041 venatione
761 964 887 1039 cibum
908 967 1120 1061 praeparet,
1140 967 1182 1036 et
1201 965 1290 1037 ante
1309 964 1459 1058 tempus
1480 984 1570 1037 suae
1590 965 1726 1038 mortis

290 1089 538 1164 benedicatur
565 1092 613 1164 ab
642 1113 702 1166 eo:
730 1090 845 1186 idque
873 1089 1041 1164 Rebecca
1068 1111 1154 1164 cum
1173 1088 1429 1182 comperisset,
1449 1087 1562 1162 Iacob
1588 1088 1727 1162 adhor-

290 1217 411 1306 tatur,
440 1236 543 1289 escas
571 1215 691 1312 patris
711 1215 757 1290 de
784 1214 891 1290 hedis
911 1213 1056 1288 duobus
1076 1215 1174 1288 citus
1202 1216 1417 1310 praeparet,
1438 1216 1479 1288 et
1497 1214 1599 1287 Esau
1627 1213 1727 1287 stola

290 1339 484 1414 induatur.
514 1339 651 1414 Munus
679 1341 772 1433 eiua,
799 1340 889 1436 quia
916 1339 1011 1414 lenis
1031 1341 1092 1424 sit,
1114 1342 1230 1434 atque
1251 1339 1446 1429 cervicem,
1467 1338 1626 1434 illigatis
1654 1338 1728 1412 sibi

290 1464 474 1539 hedorum
502 1467 676 1562 pellibus,
706 1467 931 1541 mentiatur,
961 1465 1102 1552 Quibus
1130 1465 1258 1562 gestis,
1284 1465 1599 1556 benedictionem,
1630 1445 1727 1559 quae

290 1589 392 1664 Esau
420 1593 504 1664 erat
530 1594 668 1688 parata
695 1590 926 1689 praeripuit:
956 1589 1090 1664 dehinc
1114 1589 1352 1665 benedicitur
1378 1591 1522 1664 talibus
1549 1579 1724 1666 verbis³z

296 1719 311 1752 “
345 1715 440 1792 Ecce
467 1715 561 1792 odor
588 1717 659 1791 filii
687 1719 762 1792 mei
789 1717 889 1792 sicut
917 1715 1011 1791 odor
1037 1717 1119 1812 agri
1147 1716 1406 1812 pleni-quem
1426 1716 1622 1791 benedixit
1649 1715 1726 1790 Do·

290 1841 438 1932 minus;
460 1845 501 1918 et
529 1841 596 1917 det
622 1844 695 1918 tibi
714 1842 900 1920 Dominus
920 1866 943 1916 a
962 1864 1048 1918 rore
1075 1842 1170 1917 coeli
1194 1841 1383 1934 desusum,
1404 1844 1444 1916 et
1471 1842 1520 1916 ab
1547 1842 1728 1916 ubertate

290 1970 417 2044 terrae
444 1963 750 2044 abundantiam⁴
777 1968 961 2044 frumenti
994 1971 1034 2043 et
1061 1968 1163 2058 vini3
1196 1971 1237 2043 et
1269 1967 1437 2043 servient
1473 1967 1546 2041 tibi
1581 1971 1727 2064 genten,

292 2095 332 2168 et
358 2093 575 2168 adorabunt
601 2105 642 2169 te
669 2094 875 2191 principes;
905 2097 945 2168 et
981 2097 1064 2170 esto
1098 2094 1273 2169 dominus
1301 2092 1433 2167 fratris
1467 2091 1539 2182 tui,
1569 2095 1609 2166 et
1637 2091 1725 2166 ado-

291 2215 433 2290 rabunt
459 2220 499 2292 te
527 2218 597 2292 filii
624 2221 745 2314 patris
772 2219 855 2292 tui:
877 2220 917 2293 et
944 2217 1010 2312 qui
1042 2217 1283 2292 maledixerit
1310 2219 1361 2308 te,
1386 2213 1610 2290 maledictus
1639 2215 1728 2306 erit,

290 2341 331 2414 et
365 2340 431 2436 qui
458 2341 696 2417 benedixerit
727 2345 779 2433 te,
818 2341 1040 2416 benedictus
1079 2343 1153 2416 erit
1172 2339 1204 2429 ,.
1240 2329 1450 2415 Cernitur⁵
1477 2337 1631 2434 quidem
1667 2361 1728 2412 res

291 2464 499 2540 secundum
526 2469 768 2560 praesentem
795 2466 836 2538 in
864 2465 965 2538 Esau
994 2467 1034 2539 et
1063 2465 1176 2539 Iacob
1206 2465 1394 2554 effectum,
1424 2461 1490 2536 sed
1518 2461 1726 2557 spiritualis

290 2589 562 2683 praeformatio
594 2589 765 2666 ordinem
789 2595 912 2665 'suum
954 2591 1114 2685 optinet.
1157 2590 1391 2666 Vendiderat
1432 2612 1499 2684 per
1533 2578 1728 2688 desilderia
1757 2606 1791 2662 12

290 2717 455 2810 corporis
483 2717 671 2810 primatus
690 2740 779 2792 suos
806 2718 932 2792 senior
951 2718 1171 2792 futurorum
1195 2717 1379 2791 honorem
1400 2717 1447 2790 ob
1467 2715 1600 2790 luxum
1619 2736 1727 2810 prae-

291 2839 457 2913 sentium
491 2839 704 2936 desperans,
739 2863 784 2916 eo
828 2863 948 2936 usque
980 2844 1114 2916 contra
1152 2841 1340 2914 iacturam
1373 2839 1632 2937 praesentium
1669 2840 1727 2911 iu·

291 2964 376 3038 nior
411 2964 561 3040 coemit.
599 2964 797 3062 Numquid
833 2990 912 3041 non
949 2967 1197 3064 corporaliter
1234 2965 1350 3061 gestis
1379 2965 1632 3061 spiritualiter
1664 2985 1727 3059 ge·

289 3089 407 3164 renda
439 3091 670 3166 succeduntl
703 3091 774 3178 Qui
807 3092 975 3168 infideles
1004 3097 1107 3183 sunt,
1137 3092 1419 3166 omnebonum
1452 3091 1493 3165 in
1526 3091 1729 3186 voluptate

290 3214 456 3310 positum
486 3215 729 3306 existimant3
759 3219 799 3291 et
826 3218 997 3292 anterior
1023 3218 1186 3314 populus
1218 3218 1401 3292 bonorem
1439 3215 1729 3302 resurrectionis

291 3360 359 3435 per
378 3339 566 3415 desideria
585 3342 708 3414 carnis
727 3340 880 3414 amisit:
907 3341 1103 3416 credentes
1124 3344 1255 3415 autem
1274 3340 1500 3416 renuntiant
1519 3339 1729 3438 praesenti·

289 3463 361 3537 bus
379 3464 541 3560 gaudiis,
563 3486 714 3538 ornnem
733 3466 772 3538 in
791 3489 850 3558 spe
869 3456 1118 3540 futuroruru⁶
1137 3488 1240 3560 spem
1259 3486 1368 3538 suam
1396 3465 1586 3554 locantes3
1613 3467 1654 3539 et
1681 3464 1730 3537 ob

292 3610 388 3679 eam,
409 3589 537 3663 animo
557 3592 597 3664 et
616 3613 770 3686 corpore
789 3591 1041 3684 continentes,
1056 3591 1299 3688 praeripiunt
1314 3589 1506 3665 destinata
1521 3589 1728 3665 seniorum.

290 3711 391 3785 Nam
419 3711 532 3788 Iacob
561 3713 662 3787 Esau
699 3715 800 3788 stola
826 3715 1013 3807 induitur,
1050 3737 1147 3811 quae
1181 3737 1249 3810 pro
1286 3713 1591 3788 immortalitatis
1624 3715 1730 3787 veste

292 3839 582 3912 commemorari
608 3839 706 3914 solet
733 3840 850 3914 etiam
870 3840 910 3912 in
938 3841 1149 3936 evangelie,
1169 3841 1237 3912 ubi
1263 3839 1402 3913 stolam
1421 3837 1584 3936 primam
1604 3837 1731 3910 iunior

291 3961 412 4036 frater
437 3965 552 4038 induit
569 3957 593 4037 ⁷.
623 3963 673 4037 Et
700 3963 801 4038 idem
838 3965 982 4061 accepti
1019 3965 1239 4062 patrimonii
1278 3965 1452 4039 decoctor
1489 3965 1660 4059 accepit:
1690 3964 1731 4036 et

290 4088 382 4182 quia
409 4109 455 4162 ex
474 4089 639 4184 peccatis
667 4092 766 4163 esset
793 4090 833 4161 in
861 4087 1027 4163 nitorem
1055 4089 1295 4164 innocentiae
1323 4087 1622 4180 transferendus,
1643 4087 1729 4162 ideo

165 4290 170 4298 ,
290 4211 402 4287 Iacob
430 4213 471 4286 in
499 4213 684 4288 hedorum
704 4213 866 4308 pellibus
893 4215 1051 4310 tegitur,
1071 4237 1112 4290 re
1133 4215 1285 4310 quidem
1305 4215 1387 4309 ipsa
1406 4214 1539 4288 fratris
1568 4212 1730 4310 speciem

288 4333 527 4409 imitaturus.
549 4335 622 4409 Sed
651 4337 741 4430 quia
769 4358 815 4411 ex
834 4341 1031 4432 peccatore
1061 4341 1161 4414 esset
1181 4337 1410 4433 dignitatem
1438 4339 1645 4432 occupatae
1663 4335 1729 4410 be·

289 4458 517 4534 nedictionis
546 4461 760 4551 habiturus,
790 4461 831 4536 in
859 4463 1021 4559 pellibus
1049 4464 1312 4538 emortuarum
1341 4461 1530 4558 pecudum
1566 4462 1730 4534 formam

290 4587 499 4680 peccaturis
527 4585 707 4660 adsumit.
735 4585 823 4681 Ipsa
852 4590 983 4663 autem
1010 4585 1286 4662 benedictionis
1321 4587 1420 4662 ratio
1448 4585 1729 4679 verborumque

288 4709 413 4785 virtus
439 4709 537 4784 nihil
565 4709 645 4784 illic
673 4710 882 4785 secundum
917 4712 1028 4806 gesta
1068 4711 1285 4805 praesentia
1324 4709 1617 4806 intelligendum
1650 4726 1731 4783 esse

370 4981 378 5013 ¹
394 4969 525 5034 habetus
541 5007 578 5018 -
600 4978 747 5035 ’monete
768 5005 809 5019 -
828 4981 839 5014 ⁸
856 4971 967 5035 (lenes.
989 4972 1129 5053 XXVII,
1144 4973 1192 5034 27.
1209 4972 1270 5033 Sed
1285 4973 1411 5051 vulgata
1424 4972 1537 5034 habet:
1561 4969 1651 5032 ‹Det
1666 4965 1725 5030 tibi

287 5069 374 5132 Deus
395 5070 434 5132 de
454 5091 524 5133 rore
545 5071 623 5133 coeli
644 5079 676 5133 et
696 5070 734 5134 de
755 5072 942 5151 pinguedine
956 5079 1057 5135 terrae
1072 5072 1289 5134 abundantiam
1304 5072 1448 5134 immenti
1463 5079 1496 5133 et
1515 5069 1590 5132 vini.
1607 5070 1649 5130 Et
1670 5087 1732 5130 ser-

287 5169 375 5230 viant
388 5168 446 5230 tibi
464 5169 579 5249 populi,
595 5176 628 5232 et
642 5171 771 5232 adorent
786 5177 818 5232 te
832 5170 941 5250 tribus,
958 5176 1025 5232 esto
1040 5169 1182 5232 dominus
1196 5170 1326 5232 fratrum
1341 5177 1470 5250 tuorum,
1485 5177 1518 5231 et
1530 5171 1731 5230 incurventur

289 5273 361 5328 ente
382 5273 414 5328 te
428 5267 485 5327 filii
500 5267 609 5330 matris
624 5275 704 5329 tuae.
722 5267 782 5340 Qui
797 5268 992 5330 maledixerit
1005 5269 1072 5347 tibi,
1088 5269 1130 5329 sit
1144 5269 1198 5331 ille
1212 5269 1403 5348 maledictus,
1419 5275 1451 5331 et
1468 5267 1520 5347 qui
1539 5265 1733 5328 benedixerit

288 5363 360 5444 tibi,
374 5365 640 5428 benedictionibus
655 5367 835 5445 repleatur»
860 5400 899 5414 -
919 5366 1187 5428 *habundantiam
1207 5403 1247 5414 -
1268 5367 1419 5428 ⁸(lerilur
1440 5404 1468 5414 -
1488 5376 1498 5408 ⁰
1514 5365 1546 5426 in
1561 5365 1734 5426 futurorum

289 5497 329 5508 —
343 5469 353 5502 ἵ
369 5463 407 5524 In
428 5463 532 5526 codice
553 5464 611 5527 hoc
631 5465 759 5526 verbum
779 5465 830 5527 vel
852 5463 954 5526 simile
975 5464 1179 5528 desideratur.
