4622 6572
522 675 563 740 54
1014 694 1040 736 6.
1066 693 1197 737 anxias
1221 693 1468 738 rnasentnarro

519 786 625 792 ...μβ
643 784 879 791 -ffl--flffl
885 785 960 790 .....
1224 785 1265 790 ..—
1277 787 1289 790 -
1306 785 1441 792 *ιφ-
1461 787 1485 792 ,-.
1497 785 1664 792 ——4--1—-0—

518 882 755 1008 berea-Tunc
784 934 873 1008 ergo
903 912 1140 1008 interrogavi
1168 913 1253 987 illos
1281 917 1444 1004 sanctos,
1473 913 1656 1008 quidnam
1675 917 1774 988 esset
1792 915 1876 1000 hoc,
1897 913 1966 1008 qui

517 1038 814 1138 responderunt:
845 1039 906 1112 hic
934 1039 1081 1134 positus
1100 1041 1160 1112 est
1178 1043 1331 1114 sanctus
1351 1040 1501 1144 Moyses
1520 1043 1568 1114 ab
1589 1041 1746 1136 angelis,
1765 1042 1962 1137 quoniam,

518 1168 617 1241 sicut
632 1167 817 1260 scriptum
833 1169 902 1255 est,
919 1165 1157 1261 sepulturam
1172 1165 1275 1240 illius
1295 1167 1424 1240 nullus
1445 1168 1641 1242 bominum
1660 1169 1732 1241 scit
1743 1159 1765 1240 ¹:
1784 1168 1963 1264 quoniam

519 1297 664 1368 certum
698 1296 874 1367 osteum
902 1292 950 1366 ab
979 1293 1124 1387 angelis
1153 1292 1269 1366 fulsse
1298 1294 1505 1388 sepultum.
1525 1294 1626 1368 Nam
1644 1294 1829 1368 memoria
1848 1294 1965 1384 illiue,

456 1430 461 1436 '
520 1418 587 1491 ubi
614 1417 760 1512 positus
788 1418 850 1508 sit,
879 1411 1059 1490 1616116
1087 1439 1164 1490 666
1193 1417 1432 1491 ostenditur:
1462 1417 1562 1492 sicut
1590 1419 1692 1493 enim
1711 1419 1821 1493 nobis
1841 1443 1864 1493 a
1884 1443 1964 1492 ma·

520 1544 675 1634 1661166,
692 1543 758 1640 661
771 1544 832 1618 116
852 1546 1087 1634 6166666661,
1109 1543 1174 1616 611
1194 1546 1388 1617 ostensum
1408 1548 1479 1634 est,
1502 1546 1559 1618 ita
1578 1548 1618 1619 61
1636 1567 1705 1619 666
1728 1545 1837 1634 vobis
1858 1567 1964 1618 mon·
2039 1552 2042 1560 '

522 1673 705 1744 stramus:
736 1670 802 1766 qui
831 1672 871 1744 et
898 1669 969 1766 ipsi
997 1672 1127 1743 tamen
1156 1669 1317 1744 maiores
1338 1669 1965 1744 11661111661116666161661166

349 1899 351 1902 Ι
460 1821 495 1875 aa
523 1767 1069 1896 661616666116616613116666
1089 1817 1178 1892 ergo
1198 1818 1286 1870 mox
1305 1796 1408 1871 facta
1428 1799 1487 1870 est
1506 1797 1643 1888 oratic,
1659 1801 1706 1896 61
1719 1797 1848 1872 omnia
1869 1819 1968 1893 ques

523 1923 562 1994 in
590 1921 749 2018 siugulis
776 1921 868 1996 locis
896 1923 1036 1997 sanctis
1064 1944 1131 2018 per
1159 1922 1330 1998 ordinem
1350 1945 1667 1998 consueveramus
1688 1923 1825 2013 lacere,
1847 1924 1966 1997 etiam

524 2050 565 2121 et
592 2046 653 2120 hic
680 2046 918 2120 factasunt:
949 2049 988 2121 61
1016 2045 1068 2121 616
1096 2049 1265 2143 cepimus
1294 2048 1473 2142 egredere
1502 2048 1547 2122 16
1577 2048 1744 2122 ecclesia.
1767 2049 1872 2122 Tunc
1901 2071 1968 2121 au-

524 2175 602 2246 tem
631 2173 834 2267 quierant
862 2172 935 2246 loci
963 2175 1129 2262 6616666,
1153 2173 1190 2245 11
1219 2176 1278 2248 661
1306 2173 1506 2269 presbiteri
1534 2174 1595 2249 vel
1626 2173 1806 2248 monachi
1832 2173 1968 2262 sancti,

526 2296 653 2371 dixere
672 2297 797 2371 nobis:
818 2297 851 2370 si
870 2296 988 2372 vultis
1008 2296 1138 2372 videre
1150 2299 1246 2389 loca,
1263 2321 1362 2394 quae
1381 2300 1522 2393 scripta
1542 2301 1632 2371 sunt
1651 2297 1691 2370 in
1709 2297 1816 2386 libris
1834 2295 1970 2392 Moysi,

525 2420 691 2496 accedite
720 2421 822 2495 foras
851 2422 1022 2496 hostium
1050 2423 1241 2512 ecclesiae,
1273 2427 1314 2498 et
1342 2423 1387 2496 de
1415 2424 1638 2497 summitate
1667 2423 1760 2517 ipsa,
1784 2445 1830 2496 ex
1859 2424 1973 2522 parto

526 2551 657 2621 tamen
672 2551 718 2621 ut
736 2547 889 2642 possitis
909 2547 997 2621 hinc
1016 2569 1159 2644 parere,
1182 2548 1373 2623 attendite
1394 2552 1434 2623 61
1452 2548 1598 2623 videte:
1619 2551 1659 2622 61
1679 2548 1838 2622 dicimus
1863 2546 1973 2621 vobis

527 2673 691 2768 singula,
721 2695 820 2768 quae
847 2676 939 2746 sunt
966 2672 1051 2746 loca
1078 2675 1182 2764 1666,
1208 2695 1306 2769 6666
1334 2645 1609 2770 666661111666
1628 2696 1697 2748 666
1723 2673 1845 2769 gavisi
1865 2672 1973 2760 66116,

528 2798 662 2873 statim
691 2797 828 2894 egressi
858 2821 990 2872 sumus
1018 2799 1131 2872 foras.
1153 2799 1253 2872 Nam
1273 2800 1464 2873 16166116
1494 2799 1612 2896 ipsius
1639 2792 1846 2874 6661661662
1875 2797 1975 2874 vidi-

529 2924 767 3013 mustacem,
787 2924 854 2996 ubi
873 2925 996 2998 intrat
1014 2923 1187 2998 Iordanis
1207 2925 1247 2998 in
1267 2947 1371 3000 mare
1391 2928 1607 2999 mortuum:
1629 2924 1694 3020 qui
1714 2925 1819 2999 locus
1838 2925 1977 2998 subter

529 3073 611 3139 nos,
641 3048 999 3144 quemadmodum
1021 3051 1228 3141 stabamus
1250 3051 1419 3146 parebat.
1440 3050 1613 3124 Vidimus
1634 3049 1754 3125 etiam
1774 3049 1821 3124 de
1841 3053 1978 3123 contra

531 3197 609 3251 666
635 3175 760 3249 solum
779 3174 987 3266 Libiadam,
1008 3197 1106 3271 quae
1125 3176 1223 3250 cirea
1242 3176 1444 3250 Iordanem
1464 3179 1559 3266 erat,
1576 3175 1641 3251 sed
1659 3179 1699 3250 et
1719 3174 1877 3264 Ierich0,
1900 3197 1976 3270 que

531 3304 639 3374 trans
667 3298 867 3374 Iordanem
892 3303 1047 3374 tantum
1074 3301 1278 3392 eminebat,
1308 3303 1477 3376 excelsus
1496 3302 1598 3376 locus
1619 3301 1684 3375 ubi
1704 3284 1913 3388 stabamus,
1936 3299 1974 3372 id

532 3429 591 3502 661
610 3429 700 3500 6616
718 3426 888 3501 hostium
908 3379 1285 3504 ecclesiaeffMaxima
1305 3428 1423 3500 etiam
1442 3450 1529 3522 pars
1549 3427 1776 3516 Palestinae,
1793 3446 1896 3524 'quae
1919 3427 1980 3499 661

462 3615 466 3621 .
532 3554 638 3626 16666
651 3549 963 3646 repromissionis,
974 3550 1062 3625 inde
1077 3551 1292 3643 videbatur,
1302 3573 1370 3626 666
1386 3573 1462 3625 666
1477 3554 1517 3625 61
1532 3552 1653 3626 omnis
1667 3555 1773 3626 terra
1788 3523 1976 3634 Iordanis

533 3677 573 3750 in
593 3679 782 3773 quantum
801 3679 931 3750 tamen
951 3678 1104 3771 poterat
1123 3677 1241 3750 oculis
1260 3676 1434 3771 conspici.
1455 3675 1500 3748 In
1519 3676 1674 3750 sinistra
1692 3678 1822 3751 autem
1843 3667 1979 3772 666163

617 3955 961 4018 1«1161166161616661
983 3955 1071 4016 scit»
1095 3956 1188 4016 Deut.
1211 3955 1367 4034 XXXIV,
1391 3957 1418 4016 5.

616 4047 742 4113 ²Frons
763 4051 913 4112 ecelesiae
934 4051 974 4112 ad
996 4053 1072 4114 solis
1088 4073 1228 4114 occasum
1244 4054 1441 4116 vertebatur:
1456 4052 1541 4129 inde,
1557 4074 1573 4116 a
1589 4053 1752 4132 supercilio
1767 4052 1901 4131 Phasga,
1917 4053 1986 4114 sive

536 4156 636 4228 Nebo,
657 4152 822 4214 Iordanem
835 4152 868 4213 16
882 4172 965 4212 mare
986 4159 1139 4213 mortuum
1161 4175 1194 4214 se
1209 4153 1334 4230 inferre,
1349 4153 1441 4215 sicuti
1456 4154 1565 4216 subtus
1580 4160 1673 4230 66661,
1689 4153 1852 4231 peregrina
1866 4151 1987 4231 conspi-

538 4251 649 4328 ciebat,
671 4271 687 4310 e
708 4256 814 4310 666166
834 4257 938 4311 autem
958 4250 1067 4310 Libias
1089 4257 1120 4310 61
1140 4249 1268 4312 Hierico
1291 4253 1446 4313 extabant.

616 4348 787 4427 ³Intellige
808 4355 929 4427 partem
949 4348 1125 4424 australem,
1147 4369 1207 4426 qua
1226 4349 1308 4411 vidit
1323 4352 1417 4411 etiam
1432 4351 1538 4428 segor,
1555 4370 1633 4428 6666
1656 4351 1740 4412 11616
1760 4351 1841 4412 Ζο66
1862 4348 1924 4410 1611
1945 4349 1989 4410 ci·
2057 4401 2060 4408 .

538 4449 621 4510 vitas
641 4447 774 4509 Arabiae
795 4449 927 4510 Petraeo
950 4447 1085 4527 (Ioseph.
1107 4448 1187 4509 Bell.
1209 4449 1278 4510 Iud.
1293 4450 1313 4509 l.
1329 4451 1385 4526 IV,
1401 4471 1427 4511 6.
1443 4452 1505 4531 27),
1522 4450 1562 4512 ad
1583 4470 1667 4511 mare
1688 4457 1842 4511 mortuum
1863 4448 1987 4530 (Steph.

538 4549 614 4627 Byz.
637 4547 675 4608 ad
696 4568 724 4606 v.
742 4547 856 4637 Zoipr.)
874 4567 912 4608 ex
933 4546 1064 4624 6616666
1079 4546 1259 4608 civitatibus
1276 4548 1503 4610 Sodomitarum
1519 4549 1586 4610 sola
1598 4557 1759 4610 reservata
1774 4549 1872 4630 (Hier.
1894 4548 1987 4609 Nom.
2013 4579 2016 4584 ·

537 4647 636 4707 'Hebn
659 4646 708 4707 ad.
729 4665 757 4705 v.
780 4645 891 4723 Segor:
915 4664 1020 4721 «quae
1041 4665 1138 4722 66666
1151 4666 1231 4705 nunc
1246 4645 1421 4707 ostenditur
1433 4647 1481 4727 »):
1496 4645 1687 4724 praesidium
1702 4645 1834 4705 militum
1848 4655 1988 4724 tempore

541 4746 658 4807 romani
678 4744 799 4824 imperii
819 4745 937 4823 habuit,
958 4765 1014 4805 nec
1035 4765 1096 4805 non
1123 4746 1230 4806 sedem
1258 4746 1466 4824 episcopalem
1495 4745 1551 4826 (Le
1572 4744 1674 4817 Quian
1705 4745 1757 4805 Or.
1790 4744 1989 4820 ceresam,

541 4865 571 4924 p.
595 4845 675 4921 738).
697 4843 745 4904 De
766 4843 833 4904 eius
853 4842 1028 4904 ubicatione
1050 4851 1082 4904 61
1101 4843 1200 4906 ruinis
1219 4845 1309 4905 valde
1325 4845 1523 4922 disputarunt
1543 4843 1603 4904 viri
1619 4844 1711 4921 docti,
1728 4843 1780 4920 qui
1794 4842 1860 4904 fere
1882 4863 1991 4904 omnes

544 4943 635 5004 sitam
655 4940 754 5002 161666
767 4941 956 5002 arbitrantur
970 4941 1008 5002 ad
1028 4950 1198 5003 extremum
1218 4963 1300 5004 mare
1324 4942 1559 5022 Asphaltitidis,
1580 4964 1615 5004 ac
1636 4943 1663 5003 61
1679 4941 1780 5020 ipsum
1801 4961 1884 5002 mare
1905 4951 1993 5002 esset

545 5041 625 5101 16166
644 5039 791 5100 Hiericho
813 5049 845 5100 61
867 5041 998 5102 Zoaram
1018 5041 1144 5122 (Euseb.
1166 5061 1193 5101 ο.
1209 5062 1234 5102 6.
1251 5041 1333 5102 adv.
1355 5042 1533 5125 (16161666),
1558 5042 1674 5102 Verum
1697 5040 1724 5101 61
1746 5061 1762 5101 6
1784 5040 1871 5101 11616
1894 5040 1994 5118 Segor

545 5139 801 5218 conspiciebatur,
822 5139 854 5199 16
875 5140 1003 5200 australi
1024 5139 1118 5201 maris
1139 5141 1342 5202 extremitate
1361 5147 1465 5202 extare
1486 5161 1547 5200 non
1561 5141 1700 5219 potuisse
1715 5161 1841 5203 necesse
1857 5147 1914 5201 661.
1931 5138 1995 5201 861-

547 5259 615 5300 mus
637 5259 653 5298 s
675 5237 792 5298 vertice
812 5238 900 5298 Nebo
921 5237 1086 5298 Dominum
1100 5239 1203 5317 Moysi
1218 5245 1333 5300 terram
1348 5239 1562 5317 promissionis
1577 5259 1673 5318 usque
1696 5240 1794 5318 Segor
1815 5239 1993 5300 ostendisse

549 5337 653 5416 (Dent.
674 5335 830 5412 XXXIV,
853 5337 900 5415 3):
921 5357 976 5397 nee
997 5357 1058 5397 non
1079 5357 1103 5398 s.
1126 5338 1254 5399 Paulam
1281 5361 1297 5400 e
1324 5339 1495 5418 supercilio
1525 5339 1652 5416 Oopbor
1679 5341 1828 5400 Burucba
1853 5338 1899 5399 ita
1925 5358 1995 5400 oon·

548 5435 727 5512 templatam
749 5454 818 5495 esse
840 5433 989 5512 Engaddi
1010 5445 1041 5496 et
1064 5437 1175 5516 Segor,
1196 5443 1232 5497 ut
1252 5438 1285 5497 16
1305 5439 1413 5499 eodem
1433 5438 1502 5516 ipso
1523 5444 1689 5518 conspectu
1710 5439 1807 5516 Segor
1827 5445 1911 5500 66661
1925 5458 1995 5499 con-

549 5542 598 5596 tra
619 5532 771 5612 Engaddi.
793 5533 902 5612 Neque
923 5532 1019 5613 igitur
1042 5555 1169 5615 prorsus
1194 5533 1363 5598 refellenda
1389 5543 1438 5597 est
1463 5535 1564 5616 opinio
1589 5536 1744 5600 11661616
1766 5537 1901 5617 Luynes,
1933 5535 1995 5596 viri
