4604 6560
782 706 827 752 un
851 706 936 752 noca
959 705 1087 752 61666(
1112 706 1165 752 ru.
1190 712 1291 752 aar-sss
1714 690 1757 756 69

317 924 466 999 bamus.
486 924 587 998 Nam
606 924 799 998 (16616666
814 923 947 999 statim
963 925 1011 997 ad
1026 925 1232 1016 ecclesiam,
1249 946 1348 1020 quae
1363 927 1423 998 666
1437 925 1539 1000 16666
1558 925 1756 1001 civitatem

319 1049 355 1122 in
387 1071 432 1124 6ο
460 1049 556 1142 1666,
585 1051 651 1124 661
678 1048 756 1124 1616
783 1050 917 1124 domus
946 1051 1069 1124 sancti
1089 1049 1278 1144 Abrahae,
1299 1051 1337 1123 id
1357 1051 1476 1124 estin
1502 1051 1593 1146 16616
1622 1051 1758 1125 funda·

318 1175 471 1267 mentis,
490 1177 532 1248 66
552 1175 597 1250 (16
616 1175 697 1271 1666
716 1174 854 1271 166116,
876 1178 921 1249 ut
938 1177 1069 1250 tamen
1089 1175 1242 1249 dicebat
1260 1179 1414 1249 sanctus
1434 1175 1642 1272 episcopus.
1663 1175 1758 1250 Cum
1806 1253 1808 1258 ,

319 1321 409 1395 ergo
437 1301 672 1375 venissemus
698 1299 740 1372 in
766 1300 848 1396 ipsa
876 1300 1043 1390 ecclesia,
1077 1299 1180 1374 facta
1208 1302 1267 1374 666
1294 1301 1432 1392 666616,
1460 1303 1503 1374 66
1529 1302 1651 1375 166666
1679 1301 1758 1398 1666

319 1422 425 1498 16666
440 1425 487 1499 (16
507 1424 663 1499 Genesi:
679 1424 802 1498 (116666
823 1428 882 1500 666
900 1425 1019 1498 etiam
1038 1447 1137 1497 unus
1151 1423 1331 1520 psalmus,
1352 1429 1391 1499 et
1406 1427 1547 1500 iterata
1561 1424 1757 1500 oratione:

319 1549 360 1620 et
388 1549 440 1622 sic
459 1549 683 1624 benedicens
702 1572 771 1624 nos
792 1551 998 1645 episcopus,
1019 1549 1161 1644 egressi
1179 1571 1310 1624 sumus
1330 1549 1444 1624 16666.
1465 1550 1564 1624 Item
1578 1550 1758 1644 dignatus

319 1675 380 1746 est
407 1695 476 1748 nos
504 1673 641 1749 ducere
669 1675 718 1748 ad
735 1677 897 1772 puteum
915 1675 1038 1764 illum,
1060 1674 1159 1747 unde
1179 1676 1362 1772 portabat
1379 1698 1521 1772 aquam
1539 1675 1758 1751 666666166-

319 1796 471 1872 6666166.
498 1799 550 1871 Et
577 1799 634 1872 ait
651 1798 761 1874 nobis
780 1800 935 1874 sanctus
963 1799 1180 1896 episcopus:
1205 1820 1290 1874 ecce
1308 1802 1461 1896 puteus,
1479 1799 1580 1874 unde
1608 1799 1760 1894 potavit

320 1924 452 1996 sancta
479 1923 647 1998 Rebecca
675 1925 838 2000 camelos
867 1923 975 2019 pueri
994 1923 1116 1997 sancti
1135 1922 1323 2014 Abrahae,
1343 1923 1382 1996 id
1400 1926 1459 1998 est
1477 1923 1649 1998 Eleazari
1664 1914 1697 2011 ¹;
1718 1925 1759 1996 et

320 2046 472 2142 singula
491 2050 548 2124 ita
567 2050 676 2125 nobis
695 2051 927 2146 dignabatur
946 2050 1156 2124 ostendere.
1177 2049 1276 2123 Nam
1291 2049 1458 2139 ecclesia,
1474 2073 1591 2146 quam
1609 2049 1759 2124 (116116-

320 2193 382 2243 ras
396 2171 606 2266 civitatem,
623 2174 799 2250 dominae
817 2195 964 2248 sorores
982 2173 1230 2264 venerabiles,
1251 2173 1317 2247 ubi
1336 2173 1412 2247 fuit
1430 2173 1607 2270 primibus
1625 2175 1759 2248 domus

319 2293 510 2389 Abrahae,
526 2320 627 2373 nunc
645 2302 685 2374 66
699 2298 930 2396 martyrium
949 2299 1002 2372 ibi
1021 2299 1188 2394 positum
1208 2297 1332 2388 666,1(1
1350 2301 1409 2372 666
1423 2298 1545 2372 666661
1562 2297 1759 2372 cuiusdam

318 2423 496 2498 monachi
522 2425 677 2498 nomine
690 2423 869 2520 Helpidii.
889 2423 970 2498 Hoc
989 2425 1120 2497 autem
1139 2422 1248 2496 nobis
1267 2423 1360 2496 satis
1380 2427 1533 2518 gratum
1553 2423 1693 2513 evenit,
1715 2425 1760 2496 ut

319 2545 441 2641 pridie
467 2549 697 2642 martyrium
725 2547 786 2622 die
813 2549 866 2621 ibi
885 2549 1114 2637 veniremus
1143 2547 1267 2623 idest
1293 2547 1417 2621 sancti
1444 2547 1562 2643 ipsius
1579 2546 1758 2643 Helpidii,

318 2691 420 2744 nono
435 2671 513 2746 kal.
528 2671 648 2745 maias
661 2663 691 2745 ²:
708 2671 757 2744 ad
776 2694 892 2767 quam
911 2671 1009 2745 diem
1029 2691 1179 2746 6666666
1194 2669 1271 2744 1616
1287 2671 1453 2766 undique
1468 2673 1508 2745 et
1522 2671 1569 2745 (16
1583 2671 1759 2744 omnibus

322 2793 618 2891 Mesopotamiae
633 2795 772 2870 finibus
792 2817 922 2871 omnes
940 2795 1146 2870 monachos
1164 2795 1204 2869 in
1224 2793 1366 2869 Charra
1385 2794 1620 2886 descendere,
1640 2796 1759 2869 etiam

232 2995 245 3010 ἡ
321 2919 474 2994 6611166
501 2921 677 3013 maiores,
706 2921 772 3016 qui
799 2921 839 2994 in
867 2920 1073 2995 solitudine
1100 2919 1297 3010 sedebant,
1321 2943 1415 3014 quos
1442 2919 1578 2994 6661666
1605 2921 1757 3010 vocant,

321 3064 388 3138 666
415 3043 516 3119 diem
543 3047 679 3142 ipsum,
714 3046 778 3140 qui
806 3045 861 3118 ibi
888 3046 981 3119 satis
1009 3035 1233 3140 granditer³
1261 3045 1489 3136 attenditur,
1521 3049 1563 3118 et
1603 3046 1759 3140 propter

320 3167 543 3241 memoriam
563 3169 686 3244 sancti
705 3169 895 3259 Abrahae,
915 3169 1006 3264 quia
1026 3168 1160 3242 domus
1178 3168 1296 3263 ipsius
1315 3168 1402 3258 fuit,
1422 3169 1488 3241 ubi
1514 3190 1616 3242 nunc
1643 3168 1759 3245 eccle-

254 3313 260 3322 ·
322 3289 379 3364 sia
407 3294 477 3384 est,
506 3293 546 3366 iu
573 3316 651 3389 666
677 3295 848 3389 positum
866 3295 925 3369 est
950 3315 1085 3389 corpus
1113 3293 1230 3388 ipsius
1255 3295 1377 3367 sancti
1403 3293 1595 3389 martyris.
1623 3293 1760 3388 Itaque

320 3438 410 3512 ergo
438 3417 510 3492 hoc
537 3417 646 3492 nobis
673 3419 778 3494 ultra
806 3405 910 3516 spen'r
938 3421 1048 3514 grate
1067 3419 1160 3492 66616
1190 3419 1329 3509 666616,
1350 3421 1396 3492 66
1423 3421 1573 3493 6666666
1601 3421 1642 3492 66
1669 3438 1760 3494 vere

321 3541 495 3618 homines
509 3541 578 3617 Dei
597 3544 1150 3639 monachosmesopotamenos
1169 3543 1223 3616 ibi
1242 3542 1477 3618 videremus:
1497 3543 1670 3617 etiamst
1684 3525 1760 3634 666,

321 3688 484 3762 quorum
512 3667 615 3743 fama
642 3670 704 3745 vel
731 3669 814 3744 vita
832 3669 945 3765 longe
964 3668 1210 3760 audiebatur,
1231 3691 1325 3764 quos
1343 3671 1474 3742 tamen
1501 3690 1580 3741 non
1605 3667 1760 3742 estima-

320 3790 409 3865 bam
428 3813 488 3866 616
506 3794 659 3896 penitus
679 3815 787 3888 posse
806 3793 947 3868 videre.
967 3791 1164 3887 Nonquia
1185 3792 1403 3888 inpossibile
1423 3795 1522 3867 esset
1542 3793 1621 3866 Deo
1642 3791 1761 3866 etiam

320 3919 361 3990 66
388 3918 459 3992 666
485 3921 656 4012 66666666
685 3920 810 4008 michi,
840 3919 909 4014 661
936 3919 1066 3992 omnia
1098 3921 1270 4013 prestare
1299 3917 1549 4015 dignabatur3
1578 3917 1643 3992 sed
1670 3917 1762 4014 quia

321 4042 518 4119 audieram
532 4066 607 4135 eos,
627 4066 673 4120 eo
691 4043 793 4140 quod
812 4045 922 4119 extra
940 4043 1041 4118 diem
1060 4043 1233 4137 paschae,
1249 4045 1289 4118 66
1308 4047 1419 4117 extra
1437 4042 1537 4118 diem
1556 4043 1666 4134 hanc,
1682 4064 1760 4116 non

320 4189 385 4243 666
413 4167 638 4244 descendere
665 4168 713 4244 de
738 4167 831 4243 locis
858 4169 958 4241 suis:
988 4169 1170 4262 quoniam
1197 4168 1295 4243 tales
1323 4169 1426 4258 6666,
1455 4171 1501 4241 66
1527 4169 1568 4242 66
1594 4167 1761 4242 virtutes

320 4289 465 4368 faciant
491 4291 646 4383 multas,
674 4294 716 4366 et
743 4290 924 4388 quoniam
951 4290 1176 4381 nesciebam,
1197 4311 1420 4386 quomense
1442 4280 1567 4390 166666
1594 4289 1672 4364 dies
1699 4289 1761 4364 hic
1788 4321 1823 4378 52

320 4679 432 4724 versus
446 4659 480 4722 16
494 4660 635 4740 patriam,
650 4659 724 4723 Vito
739 4658 900 4737 successit,
915 4664 948 4720 et
967 4658 1075 4720 urbem
1095 4657 1213 4721 veteris
1235 4656 1467 4738 superstitionis
1487 4655 1573 4719 cultu
1585 4655 1650 4719 late
1663 4656 1760 4736 inqui-

325 4766 430 4823 natam
451 4778 624 4840 expurgare
642 4759 775 4823 maxime
794 4757 918 4821 studuit
939 4757 1103 4840 (Theodor.
1124 4757 1165 4820 Η.
1185 4757 1224 4819 R.
1245 4778 1271 4819 o.
1295 4757 1355 4839 17).
1376 4757 1457 4818 Uter
1482 4756 1685 4836 Peregrinam
1712 4776 1761 4819 sx-

321 4857 447 4938 ceperit,
468 4857 619 4920 incertum
640 4863 698 4920 est.

401 4955 546 5018 ¹Nomsn
566 4954 659 5032 servi,
680 4974 772 5034 quem
793 4953 880 5016 misit
899 4953 1066 5032 Abraham,
1088 4953 1240 5034 scriptura
1259 4971 1321 5015 non
1340 4952 1439 5016 refert
1460 4951 1549 5034 (Gan.
1571 4951 1694 5030 XXIV,
1715 4954 1758 5033 2).

321 5053 544 5114 Tantummodo
567 5073 605 5116 ex
624 5053 722 5116 villici
742 5052 852 5132 officio,
867 5073 926 5130 quo
939 5051 994 5114 ills
1008 5051 1089 5131 apud
1104 5051 1259 5114 dominum
1273 5071 1362 5113 suum
1375 5051 1570 5130 fungebatur,
1586 5051 1758 5130 Peregrina

319 5171 382 5214 non
401 5150 554 5212 immerito
574 5150 706 5212 coniecit
724 5169 837 5212 nomen
857 5147 1006 5211 61161666
1027 5149 1176 5214 Eleazari.

400 5247 533 5326 'Neque
553 5247 586 5308 16
606 5255 672 5309 toto
694 5268 787 5326 opere
807 5245 1021 5323 Bollandiano,
1042 5267 1140 5323 nequa
1154 5246 1187 5306 in
1200 5245 1306 5307 latinis
1327 5245 1507 5324 graecisque
1526 5245 1759 5324 hagiographis,

321 5365 420 5424 neque
440 5345 473 5406 in
494 5344 624 5424 syriacis
643 5343 834 5406 kalendariis
854 5362 965 5404 nomen
985 5343 1036 5404 vel
1056 5343 1225 5422 vestigium
1238 5343 1361 5422 repperi
1375 5342 1474 5404 666661
1496 5341 1636 5422 Η6161(111
1656 5362 1760 5403 mona-

324 5443 374 5506 chi
394 5449 428 5506 et
447 5441 646 5522 confessoris,
660 5441 748 5504 cuius
762 5441 878 5505 festum
890 5441 924 5504 in
937 5441 1021 5505 diem
1033 5461 1147 5504 nonum
1167 5441 1239 5503 Kal.
1253 5442 1351 5505 maias
1364 5439 1529 5503 incidebat.

403 5539 504 5605 ³00d
524 5545 641 5622 prandi
661 5545 728 5603 iter.
