4622 6572
751 659 796 704 nu
819 658 906 705 roos
929 659 1056 706 sancus
1079 662 1134 709 su.
1158 667 1259 710 res-aer
1372 723 1374 734 y
1498 709 1503 716 .
1682 653 1726 720 47

291 748 300 754 -
311 747 403 754 ...ψ-η
412 747 497 754 ..μ-

280 876 518 948 monasteria
546 874 624 949 sint
652 897 740 951 cum
767 876 954 952 militibus
980 882 1021 954 et
1047 883 1286 976 praepositis,
1306 884 1373 979 qui
1390 908 1459 960 nos
1486 886 1729 964 deducebant

279 1021 432 1094 semper
452 999 498 1074 de
514 1003 639 1074 castro
654 1001 703 1074 ad
722 1004 903 1076 castrum.
919 1003 964 1077 In
978 1026 1022 1078 eo
1038 1027 1127 1100 ergo
1144 1007 1282 1082 itinere
1297 1011 1431 1102 sancti,
1447 1013 1514 1107 qui
1527 1014 1727 1089 nobiscum

283 1128 406 1212 erant,
434 1126 506 1201 hoc
534 1128 593 1200 est
619 1125 746 1201 clerici
763 1128 825 1202 vel
841 1129 1028 1222 monachi,
1049 1131 1303 1207 ostendebant
1321 1135 1430 1210 nobis
1454 1137 1605 1233 singula
1624 1140 1720 1232 loca,

280 1272 379 1346 quae
399 1272 549 1345 semper
566 1273 637 1346 ego
657 1251 767 1325 iuxta
787 1253 994 1349 scripturas
1012 1255 1265 1350 requirebam.
1280 1257 1382 1332 Nam
1401 1261 1478 1335 alia
1496 1262 1537 1336 in
1555 1263 1722 1356 sinistre,

281 1375 358 1449 alia
385 1377 426 1449 in
454 1375 588 1450 dextro
618 1377 664 1451 de
693 1377 831 1452 itinere
859 1379 969 1452 nobis
998 1383 1121 1472 erant,
1151 1382 1228 1456 alia
1255 1383 1374 1458 etiam
1398 1385 1548 1482 longius
1573 1389 1619 1464 de
1646 1390 1724 1483 via,

281 1500 359 1574 alia
386 1499 428 1572 in
455 1487 770 1596 proximo3Nam
797 1501 892 1576 mibi
921 1503 1051 1579 credat
1078 1505 1166 1580 volo
1195 1507 1345 1582 affectio
1373 1513 1514 1602 vestra,
1535 1516 1723 1608 quantum

280 1628 412 1699 tamen
440 1625 636 1721 previdere
663 1627 784 1722 potui,
824 1627 922 1702 filios
949 1628 1070 1704 lsrael
1103 1630 1156 1705 sic
1198 1632 1426 1725 ambulasse,
1460 1638 1506 1708 ut
1533 1639 1723 1731 quantum

280 1750 381 1824 irent
416 1751 562 1842 dextra,
593 1753 748 1824 tantum
780 1756 1067 1827 reverterentur
1098 1755 1271 1830 sinistra:
1301 1761 1491 1853 quantum
1528 1759 1653 1834 denuo
1681 1761 1723 1834 in

281 1879 372 1948 ante
399 1876 521 1966 ibant,
550 1877 706 1948 tanturn
736 1875 860 1951 denuo
878 1879 982 1951 retro
997 1880 1309 1954 revertebantur:
1326 1883 1367 1954 et
1382 1883 1434 1956 sic
1453 1882 1575 1957 fecere
1596 1885 1720 1980 ipsum

279 2001 366 2091 iter,
384 1999 502 2074 donec
520 2000 766 2096 pervenirent
784 2001 832 2074 ad
851 2023 957 2077 mare
975 1980 1264 2102 rubrupiiNam
1284 2008 1324 2079 et
1338 2005 1550 2102 Epauleum
1565 2000 1574 2042 ¹
1593 2011 1719 2084 osten-

281 2148 366 2199 sum
382 2129 441 2200 est
454 2125 575 2219 nobis,
591 2126 638 2202 de
656 2130 789 2202 contra
802 2131 946 2219 tamen,
962 2131 1002 2202 et
1015 2131 1236 2226 Magdalum
1250 2131 1405 2206 fuimus.
1432 2133 1531 2206 Nam
1551 2138 1720 2209 castrum

281 2255 341 2326 est
367 2252 422 2325 ibi
448 2273 549 2327 nunc
576 2253 720 2328 habens
747 2253 1009 2348 praepositum
1036 2278 1123 2329 cum
1151 2256 1285 2347 milite,
1315 2258 1382 2352 qui
1409 2257 1462 2331 ibi
1480 2253 1582 2334 nunc
1608 2283 1716 2355 prae·

280 2377 379 2453 sidet
404 2400 473 2472 pro
502 2378 700 2473 disciplina
731 2401 989 2453 romanorum.
1010 2379 1112 2454 Nam
1130 2383 1171 2454 et
1189 2404 1258 2457 nos
1277 2381 1387 2456 iuxta
1406 2385 1721 2460 consuetudinem

282 2504 524 2579 deduxerunt
538 2503 625 2578 inde
649 2526 768 2599 usque
783 2504 831 2578 ad
846 2505 951 2578 aliud
966 2509 1147 2596 castrum,
1168 2511 1208 2582 et
1227 2507 1499 2604 Ioebelsephon
1527 2513 1724 2586 ostensum

282 2632 341 2705 est
367 2629 493 2703 nobis:
522 2629 639 2702 immo
667 2631 706 2702 in
735 2651 779 2705 eo
807 2629 890 2704 loco
917 2630 1073 2705 fuimus.
1102 2630 1203 2707 Nam
1231 2633 1310 2726 ipse
1338 2636 1397 2708 est
1424 2657 1578 2730 campus
1607 2659 1723 2732 supra

284 2777 390 2830 mare
417 2755 589 2846 rubrum,
617 2755 727 2827 iuxta
764 2756 867 2828 latus
894 2756 1049 2846 montis,
1069 2778 1184 2852 quem
1211 2758 1384 2854 superius
1404 2749 1529 2860 dixit,
1558 2759 1625 2834 ubi
1652 2761 1722 2834 filii

284 2878 415 2968 Israel,
444 2900 531 2953 cum
559 2877 743 2954 vidissent
770 2877 955 2975 Egyptios
973 2883 1060 2976 post
1079 2903 1118 2955 se
1136 2882 1346 2974 venientes,
1371 2883 1684 2959 exclamaverunt
1697 2877 1722 2960 ³.

257 2992 422 3090 socon*
449 3005 566 3078 ctiam
587 3007 782 3079 ostensum
800 3007 860 3078 est
878 3006 999 3098 nobis,
1020 3007 1122 3102 quod
1141 3010 1201 3082 est
1214 3007 1323 3082 iuxta
1343 3008 1494 3082 deserta
1508 3010 1604 3101 loca,
1624 3009 1724 3085 sicut

283 3128 474 3225 scriptum
506 3131 582 3202 est:
611 3148 786 3233 necnon
818 3129 1004 3204 etiamst
1032 3129 1218 3205 Socchotli
1238 3121 1262 3204 ⁵.
1293 3129 1479 3206 Socchoth
1506 3137 1639 3208 autem
1662 3136 1722 3208 est

282 3428 317 3471 se
332 3408 581 3490 sejungebamur,
592 3411 638 3469 ita
650 3415 686 3468 ut
700 3407 885 3470 conficerent
898 3409 931 3470 in
944 3414 1009 3470 toto
1021 3408 1118 3470 millia
1129 3409 1256 3470 LXXX
1266 3410 1318 3471 vel
1329 3408 1498 3488 LXXXX,
1511 3409 1632 3472 scilicet
1647 3409 1728 3470 illud

282 3505 353 3568 viae
373 3507 509 3586 spatium
529 3503 611 3582 quod
631 3505 713 3566 inter
734 3505 861 3583 Clysma
881 3511 914 3566 et
933 3504 1082 3566 Arabiam
1101 3505 1276 3567 intercedit.

365 3604 530 3666 ¹Primum
548 3603 626 3664 mari
646 3604 739 3664 rubro
759 3604 932 3683 proximum
953 3603 1124 3682 Epauleum
1145 3605 1314 3670 Ἐπαύλεον
1336 3605 1511 3686 collocatur,
1535 3612 1571 3666 ut
1598 3613 1723 3684 septua-

283 3705 370 3783 ginta
399 3722 512 3764 nomen
541 3703 709 3765 hebraeum
736 3709 895 3764 verterunt
921 3702 1136 3782 Phihabiroth,
1165 3701 1247 3780 quod
1275 3703 1430 3783 interpres
1451 3704 1566 3766 latinus
1586 3704 1724 3766 retinuit.

283 3801 379 3863 Exod.
401 3801 491 3880 XIV,
513 3803 548 3862 2:
572 3801 734 3864 ‹Reversi
755 3808 1011 3864 castrametentur
1032 3822 1049 3863 e
1072 3802 1201 3880 regione
1225 3802 1441 3880 Phihahiroth,
1463 3823 1541 3881 quae
1570 3813 1620 3865 est
1644 3803 1726 3864 inter

282 3899 462 3986 Magdalum
492 3906 524 3962 et
550 3919 634 3961 mare
659 3907 767 3960 contra
794 3899 1007 3980 Beelsephon:
1027 3901 1059 3959 in
1083 3906 1250 3978 conspeetu
1271 3900 1339 3961 eius
1360 3906 1463 3961 castra
1487 3901 1612 3979 ponetis
1633 3919 1727 3979 super

282 4019 367 4060 mare
382 4021 411 4060 ›.
431 3998 717 4077 Interpunctionem
737 3997 862 4075 quidem
883 3997 999 4060 codicis
1014 3997 1058 4058 ita
1072 3997 1262 4077 accepimus:
1286 3997 1486 4076 ‹Epauleum
1508 3999 1667 4060 ostensum
1678 4005 1729 4059 est

283 4097 385 4158 nobis.
394 4095 435 4157 de
447 4102 553 4157 contra
563 4103 667 4156 tamen
677 4102 710 4157 et
720 4093 898 4174 Magdalum
912 4095 1060 4156 fuimus».
1073 4095 1135 4156 Sed
1146 4096 1185 4156 ad
1197 4115 1265 4156 eam
1275 4096 1489 4174 corrigendam
1501 4095 1681 4158 adducimur
1692 4118 1730 4158 ex

285 4214 397 4272 graeca
410 4193 567 4255 versione:
582 4193 731 4258 ἀπέναντι
756 4205 813 4270 τῆς
837 4193 1003 4276 ἐπαύλεως,
1026 4193 1060 4254 id
1085 4200 1135 4255 ast
1160 4201 1267 4254 watra
1287 4195 1402 4254 callam.
1428 4194 1582 4256 Eusebius
1607 4213 1727 4273 quoque

285 4294 325 4374 (o.
340 4313 367 4355 c.
382 4291 422 4354 ad
435 4292 478 4373 v.)
494 4311 533 4353 ex
552 4291 640 4353 Iroth
659 4289 741 4353 filios
761 4292 861 4353 Israel
881 4311 965 4353 mare
985 4292 1111 4352 rubrum
1132 4289 1355 4351 transfretasse
1376 4289 1494 4352 scribit.

363 4389 585 4469 'Beelsephon
604 4409 730 4469 campus
745 4393 920 4469 erat‘supra
933 4409 1016 4450 mare
1031 4391 1157 4450 rubrum
1166 4389 1257 4467 juxta
1270 4390 1351 4450 latus
1366 4389 1482 4450 montis
1495 4389 1625 4469 Athaco,
1639 4390 1728 4452 cuius

284 4487 522 4568 descriptionem
533 4509 572 4550 ex
580 4487 697 4550 chartis
708 4487 824 4550 codicis
835 4509 915 4550 nunc
925 4487 1074 4550 descissis
1086 4487 1201 4549 Petrus
1212 4486 1298 4548 Diae.
1310 4486 1401 4547 nobis
1413 4488 1567 4550 servavit:
1579 4506 1727 4569 quaprop-

284 4593 333 4648 ter
346 4586 385 4647 ad
399 4588 519 4648 laevam
532 4585 654 4648 itineris
668 4595 789 4666 partem
803 4607 822 4647 a
835 4585 1000 4667 peregrina
1010 4585 1178 4662 visebatur,
1194 4603 1272 4662 qnae
1291 4585 1444 4645 communi
1465 4585 1590 4648 tramite
1612 4585 1731 4648 deflexa

214 4667 219 4680 ’
284 4686 385 4746 locum
404 4685 506 4764 ipsum
526 4684 619 4744 adiit:
641 4703 715 4764 ergo
737 4685 777 4746 ad
798 4685 865 4764 ejus
887 4684 1044 4746 dexteram
1065 4683 1190 4745 extabat
1209 4681 1425 4761 Phihahirotb,
1450 4703 1544 4761 quum
1563 4683 1596 4745 in
1617 4681 1725 4746 Exodo

285 4783 434 4862 scriptum
455 4788 540 4844 esset
562 4781 664 4863 (XIV,
685 4783 733 4863 9):
757 4806 773 4839 ι
788 4783 822 4844 in
841 4780 1048 4843 Phihabiroth
1069 4788 1175 4842 contra
1194 4780 1392 4861 Beelsephon
1407 4804 1435 4843 ›.

367 4879 490 4942 3Ειιοᾶ.
512 4881 601 4958 XIV,
617 4883 672 4942 10:
696 4880 882 4942 ‹Levantes
903 4879 961 4941 filii
981 4881 1081 4941 Israel
1102 4880 1215 4959 oculos,
1229 4879 1375 4946 viderunt
1394 4880 1570 4960 Aegyptios
1590 4888 1662 4961 post
1676 4901 1729 4944 se:

286 4985 318 5041 et
338 4979 506 5040 timuerunt
524 4977 631 5041 valde:
652 4979 919 5058 clamaveruntque
941 4978 981 5040 ad
1001 4977 1167 5039 Dominum
1182 5001 1210 5040 ›.

364 5075 472 5136 ⁴Otou
491 5074 639 5138 videlieet
658 5077 780 5154 Etham,
801 5075 835 5137 in
855 5075 952 5137 Exod.
973 5075 1069 5154 XIII,
1089 5077 1146 5135 20:
1169 5073 1397 5154 ‹Profectique
1425 5076 1464 5138 de
1486 5075 1601 5138 Socoth
1626 5083 1730 5140 castra

284 5173 393 5234 metati
413 5181 486 5236 sunt
507 5173 539 5235 in
559 5173 682 5254 Etham,
702 5176 736 5236 in
756 5176 904 5237 extremis
924 5173 1041 5236 finibus
1065 5173 1289 5235 solitudinis».

367 5272 380 5308 ⁵
396 5272 559 5362 Σοκχωθά,
579 5273 678 5352 prima
698 5273 815 5335 mansio
836 5272 969 5334 filiorum
982 5270 1081 5335 Israel
1096 5271 1295 5334 eRamesse:
1316 5271 1443 5335 difficile
1464 5277 1556 5350 atque
1573 5272 1729 5335 incertum

286 5369 430 5450 expedire
451 5371 490 5432 de
511 5391 570 5449 qua
589 5371 671 5438 valle
690 5372 741 5432 hic
760 5370 902 5450 quaestio
923 5377 1048 5450 agatur3
1069 5389 1130 5431 non
1142 5371 1242 5449 ,longe
1262 5377 1298 5432 ut
1317 5369 1443 5432 videtur
1463 5369 1631 5448 aPhitom,
1644 5368 1728 5448 quod

287 5490 358 5532 mox
371 5471 519 5550 sequitur.
