4622 6572
790 749 834 794 lo
857 748 941 796 noca
966 749 1093 794 eunoun
1116 750 1169 794 au.
1195 754 1295 794 ass-ars
1721 727 1761 790 r'r1

324 972 482 1064 reverti,
511 973 551 1045 et
578 971 666 1045 inde
690 925 1144 1066 'TathnissiProficiscens'
1161 991 1250 1065 ergo
1280 968 1326 1043 de
1359 968 1530 1057 Tathnis,
1564 967 1765 1040 ambulans

322 1095 594 1190 paritoriam
624 1098 760 1168 notum
788 1096 943 1190 perveni
973 1094 1144 1168 Pelusio:
1166 1097 1207 1168 et
1236 1094 1322 1168 inde
1351 1091 1588 1189 proficiscens
1626 1091 1763 1180 denuc,

324 1222 469 1296 faciens
496 1222 571 1296 iter
598 1242 665 1315 per
692 1221 861 1315 singulos
889 1222 1104 1294 mansiones
1133 1219 1284 1316 Egypti,
1315 1241 1382 1316 per
1410 1241 1503 1313 quas
1531 1217 1605 1290 iter
1624 1216 1767 1289 habue-

322 1371 463 1438 ramus,
494 1347 650 1442 perveni
678 1347 726 1421 ad
764 1347 858 1420 fines
888 1346 1115 1420 Palestinae.
1146 1345 1195 1420 lit
1233 1345 1320 1419 inde
1361 1345 1401 1417 in
1439 1345 1593 1419 nomine
1626 1341 1766 1415 Christi

326 1473 396 1548 Dei
414 1473 548 1561 nostri,
570 1471 713 1546 faciens
729 1472 852 1546 denuo
873 1473 1089 1545 mansiones
1108 1469 1262 1567 aliquod
1284 1492 1351 1566 per
1370 1467 1576 1558 Palestiua,
1598 1487 1767 1562 regressa

325 1621 408 1671 sum
435 1597 476 1670 in
503 1595 626 1688 Helia,
656 1596 694 1670 id
722 1597 846 1670 estin
876 1596 1151 1670 Iernsolimam.

123 1757 127 1763 ·
227 1666 307 1866 X
352 1708 369 1822 i
403 1722 502 1797 Item
530 1725 726 1797 transacto
755 1723 955 1818 aliquanto
982 1726 1164 1818 tempore,
1186 1726 1226 1797 et
1244 1723 1400 1796 iubente
1428 1721 1624 1812 De0,·iuit
1643 1720 1766 1794 denuo

324 1850 504 1923 voluutas
532 1847 733 1923 accedendi
761 1849 949 1944 usquead
970 1849 1163 1938 Arabiam,
1185 1848 1223 1922 id
1243 1852 1301 1922 est
1321 1848 1369 1922 ad
1388 1851 1559 1921 montem
1578 1845 1718 1920 Nobad
1737 1839 1766 1919 ¹:

246 2019 251 2026 -
324 1976 364 2070 ip
394 1997 438 2049 eo
467 1975 562 2065 loco,
593 1975 633 2046 in
661 1997 736 2070 quo
766 1975 877 2047 iussit
905 1974 1006 2048 Deus
1035 1973 1233 2050 ascendere
1255 1973 1569 2069 Moysen,dicens
1590 1972 1766 2045 adeum:

330 2098 537 2173 “Ascende
565 2098 605 2170 in
634 2101 804 2172 montem
833 2098 991 2187 Arabot,
1022 2101 1190 2172 montem
1220 2097 1370 2188 Nabad,
1401 2097 1466 2192 qni
1496 2098 1554 2170 est
1589 2097 1628 2169 in
1665 2099 1770 2170 terra

325 2226 437 2298 Moab
467 2227 600 2298 contra
627 2223 764 2299 faciem
792 2223 932 2298 Ierico:
962 2226 1004 2297 et
1040 2223 1126 2298 uide
1155 2225 1300 2298 terram
1332 2222 1525 2314 Chanaan,
1555 2244 1669 2317 quam
1698 2242 1768 2314 ego

327 2351 375 2422 do
403 2349 491 2423 filiis
519 2349 637 2424 'Israel
666 2350 705 2422 in
733 2349 1017 2444 possessionem,
1039 2352 1079 2423 et
1098 2371 1246 2424 morere
1266 2349 1305 2421 iu
1325 2352 1457 2422 monte
1477 2349 1572 2444 ipsc,
1592 2347 1631 2419 in
1657 2368 1770 2442 quem

330 2476 543 2550 ascenderis
564 2435 785 2578 ,altaque
814 2496 903 2570 ergo
932 2475 1034 2550 Deus
1063 2478 1195 2549 noster
1223 2475 1339 2570 lasne,
1362 2475 1427 2570 qui
1447 2476 1643 2570 sperantes
1669 2473 1706 2545 in
1731 2493 1770 2544 se

328 2624 405 2675 non
434 2601 593 2691 deseret,
624 2601 741 2674 etiam
770 2603 809 2675 et
837 2601 876 2674 in
904 2602 976 2674 hoc
1003 2601 1198 2676 voluntati
1227 2623 1334 2676 meae
1362 2601 1539 2676 effectum
1574 2601 1769 2694 praestare

329 2725 508 2820 dignatus
537 2697 879 2813 estflProficiscens
898 2748 987 2822 ergo
1008 2717 1242 2825 lernsoilima
1275 2725 1432 2800 fecimus
1465 2726 1540 2798 iter
1572 2745 1655 2803 oum
1686 2745 1770 2794 san·
1800 2737 1829 2790 ll

329 2850 412 2940 ctis,
442 2849 567 2924 idest
604 2849 814 2945 presbitero
848 2849 895 2924 de
924 2848 1145 2923 diaconibus
1175 2849 1220 2924 de
1248 2848 1474 2924 Ierusolima
1510 2851 1550 2922 et
1586 2846 1771 2920 fratribus

330 2974 549 3070 aliquantis,
575 2975 613 3048 id
641 2977 700 3048 est
719 2977 925 3049 monachIs.
946 2974 1195 3050 Pervenimus
1214 2997 1304 3070 ergo
1325 2996 1445 3072 usque
1467 2975 1622 3050 adeum
1646 2973 1771 3047 locum

329 3100 516 3190 Iordanis,
557 3100 622 3174 ubi
659 3099 728 3173 filii
765 3100 885 3174 Israel
926 3101 1171 3192 transierant,
1211 3101 1364 3196 quando
1393 3121 1457 3174 eos
1485 3102 1640 3175 sanctus
1667 3097 1773 3170 Iesus

331 3224 432 3297 filius
459 3224 569 3298 Nave
597 3223 798 3298 Iordanem
826 3225 1042 3314 traiecerat,
1073 3225 1172 3300 sicut
1199 3226 1384 3319 scriptum
1413 3229 1471 3299 est
1499 3225 1538 3297 in
1568 3223 1665 3298 libro
1680 3223 1772 3298 Iesu

332 3350 451 3424 Nave.
482 3350 580 3424 Nam
618 3353 658 3424 et
684 3351 789 3424 locus
818 3351 881 3425 ille
909 3354 1082 3424 ostensus
1111 3354 1170 3426 est
1197 3353 1318 3442 nobis,
1348 3353 1457 3447 quasi
1481 3351 1624 3426 modice
1645 3350 1772 3438 altior,

333 3477 398 3548 ubi
427 3474 495 3548 filii
523 3475 657 3550 Ruben
686 3478 727 3548 et
755 3475 837 3549 Gad
866 3478 906 3549 et
935 3476 1092 3550 dimidia
1118 3477 1243 3552 tribus
1271 3477 1444 3553 Marassa
1464 3477 1633 3552 fecerant
1653 3499 1771 3565 aram,

338 3603 377 3675 in
404 3625 450 3676 ea
477 3605 587 3698 parte
613 3601 732 3698 ripae,
753 3626 830 3698 qua
849 3605 908 3676 est
927 3601 1072 3677 Iericho
1086 3573 1387 3712 ³iiTranseuntes
1408 3625 1497 3699 ergo
1516 3603 1678 3677 fluvium
1693 3623 1775 3697 per·

333 3731 507 3806 venimus
534 3729 582 3802 ad
624 3728 834 3818 civitatem,
865 3750 938 3824 que
966 3730 1181 3825 appellatur
1209 3725 1406 3822 Libiada⁴,
1446 3753 1545 3825 quae
1574 3731 1635 3804 est
1662 3728 1702 3801 in
1730 3749 1774 3801 eo

416 4027 424 4064 ¹
440 4028 644 4109 Septuaginta
655 4029 773 4113 Νκβαΰ,
785 4027 872 4089 hebr.
888 4034 920 4089 et
934 4029 1018 4108 vulg.
1040 4029 1139 4107 Nebo,
1157 4048 1245 4090 mons
1267 4049 1360 4107 supra
1381 4028 1549 4090 Jordanem
1570 4033 1678 4089 contra
1699 4026 1778 4088 Jeri·

335 4124 424 4186 chum
444 4125 476 4185 in
497 4132 584 4187 sexto
605 4125 737 4188 miliario
757 4128 844 4189 urbis
866 4129 969 4190 Esbns
991 4128 1079 4208 (Eius.
1100 4134 1132 4188 et
1153 4128 1280 4189 Hieron.
1303 4127 1342 4188 ad
1364 4147 1429 4189 voc.
1440 4130 1566 4188 Abarim
1587 4133 1620 4187 et
1641 4125 1777 4206 Nabar).

335 4223 480 4286 Nonnulli
496 4243 566 4285 eum
581 4225 864 4287 animadverterunt
879 4227 911 4288 in
924 4229 1010 4288 Jedel
1023 4229 1162 4306 Atloruc,
1178 4227 1233 4289 sed
1248 4227 1288 4289 ad
1303 4227 1466 4290 veritatem
1487 4227 1617 4286 maxime
1632 4225 1778 4287 videntur

335 4321 482 4384 accedere
503 4323 636 4398 Pierotti
659 4323 771 4404 (Uar-ta
793 4328 901 4386 biblica
923 4348 937 4384 e
958 4333 1031 4385 ator.
1053 4329 1083 4386 d.
1105 4327 1277 4409 Palestino)
1297 4335 1328 4388 et
1350 4327 1420 4387 Dux
1438 4326 1476 4388 de
1491 4325 1618 4404 huynes
1641 4326 1778 4406 (Vopopc

337 4425 356 4480 ὰ
378 4422 409 4480 lo
431 4423 498 4480 Mor
519 4423 630 4502 Morte)
652 4423 683 4484 in
705 4430 808 4484 monte
830 4425 936 4485 Dicbol
956 4426 1053 4486 Neda.

414 4517 532 4581 ²D0ur.
553 4519 697 4594 XXXII,
720 4523 767 4581 49.
790 4521 942 4600 Vulgata:
967 4523 1142 4585 «Ascende
1169 4525 1201 4584 iu
1229 4531 1365 4586 montem
1387 4525 1481 4585 istum
1503 4523 1640 4602 Abarim,
1662 4521 1695 4583 id
1717 4529 1777 4600 est,

338 4619 510 4697 transitum,
532 4619 564 4679 in
585 4627 721 4680 montem
739 4620 837 4700 Nebo,
859 4623 910 4698 qui
932 4629 981 4682 est
1001 4623 1033 4681 in
1054 4631 1138 4683 terra
1151 4623 1243 4684 Moab
1259 4631 1367 4685 contra
1380 4623 1516 4683 Iericho:
1533 4629 1565 4682 et
1579 4622 1651 4682 vide
1666 4628 1780 4681 terram

339 4715 492 4794 Chanaan,
514 4737 604 4793 quam
625 4736 682 4794 ego
702 4716 822 4778 tradam
842 4717 916 4778 filiis
930 4719 1030 4780 Israel
1046 4720 1253 4799 obtinendam,
1269 4729 1301 4782 et
1315 4741 1433 4782 morere
1447 4721 1480 4780 in
1494 4726 1596 4780 monte
1609 4743 1636 4781 a.
1653 4719 1694 4799 (v.
1711 4717 1780 4796 50):

340 4813 466 4888 «Quem
487 4801 696 4876 conscendens
717 4823 776 4880 etc.
793 4839 820 4877 ι.
1297 4897 1298 4902 ¹

418 4912 511 4974 ’Jos
527 4933 552 4973 o.
567 4913 623 4991 IV,
641 4916 688 4975 12.
702 4914 776 4974 Filii
796 4915 918 4992 Ruben,
941 4922 973 4976 et
994 4917 1062 4978 Gad
1083 4926 1115 4978 et
1135 4917 1264 4979 dimidia
1285 4919 1384 4980 tribus
1406 4919 1550 4979 Manasse
1573 4918 1683 4978 armati
1697 4937 1782 4996 proe-

338 5011 487 5074 cedebant
508 5011 588 5073 filios
609 5013 730 5073 Israel:
751 5033 812 5074 non
833 5013 956 5090 quidem
978 5015 1023 5076 illi
1045 5015 1184 5076 fecerant
1206 5037 1299 5094 arom,
1321 5016 1376 5078 sed
1400 5016 1514 5095 singuli
1529 5016 1567 5076 de
1584 5015 1715 5094 siugulis
1731 5017 1783 5076 tri-

340 5110 437 5170 lubus
459 5109 497 5188 (o.
511 5110 557 5171 IV
573 5129 601 5170 v.
616 5111 644 5188 4,
660 5111 690 5188 8)
714 5118 912 5189 sumpserunt
933 5110 971 5171 de
992 5111 1092 5173 medio
1113 5113 1135 5173 J
1137 5113 1260 5174 ordanis
1276 5113 1364 5174 alveo
1380 5113 1540 5174 duodecim
1552 5112 1681 5192 Iapides,
1704 5133 1781 5190 quos

340 5208 438 5268 Josue
459 5207 563 5284 posuit
576 5208 608 5266 in
623 5207 763 5286 Galgala.
775 5208 835 5283 Qui
850 5209 986 5288 lapidum
1001 5231 1128 5272 acervus
1151 5211 1372 5272 ostendebatur
1393 5219 1530 5291 tempore
1552 5233 1577 5274 s.
1599 5213 1782 5291 Hieronymi

344 5305 570 5385 (Peregrinatio
593 5329 617 5368 a.
639 5307 755 5368 Paulae
777 5310 796 5387 ξ
818 5310 868 5390 14)
891 5317 924 5369 et
944 5309 1111 5372 Theodosii
1134 5311 1228 5390 (circa
1249 5332 1275 5372 a.
1298 5313 1365 5388 530,
1387 5313 1407 5390 ξ
1430 5316 1482 5376 16:
1507 5313 1564 5374 «A
1585 5312 1607 5373 J
1610 5312 1720 5373 ordene
1743 5312 1783 5374 ad

344 5404 476 5482 Galgala
496 5405 608 5466 stadiis
630 5407 903 5486 quinquagintale).

425 5503 559 5564 ⁴Livias
581 5503 665 5564 iuxta
686 5503 862 5581 Iordanem,
884 5511 974 5565 antea
995 5505 1078 5567 dicta
1098 5509 1359 5586 Boloromphtlm,
1381 5509 1420 5569 ab
1440 5510 1565 5572 Herode
1586 5512 1617 5570 in
1638 5511 1784 5572 honorem

348 5601 482 5678 Augusti
503 5601 609 5663 Livias
631 5602 844 5679 cognominata
865 5603 902 5682 (s.
924 5603 1010 5665 Hier.
1032 5606 1063 5665 iu
1085 5607 1158 5666 Eua
1181 5607 1218 5667 ad
1241 5627 1270 5667 v.
1292 5609 1490 5688 Brlhuraml:
1512 5610 1544 5669 in
1568 5610 1696 5688 planitie
1718 5618 1785 5671 erut
