4604 6560
725 667 770 714 in
793 663 879 714 noes
901 663 1029 712 sancus
1052 663 1107 709 us.
1132 665 1230 710 arceas
1655 633 1699 702 95

259 890 464 964 adducitur
492 886 678 961 Dominus
711 886 759 960 ad
796 885 979 974 Pilatum,
1016 885 1057 958 et
1093 882 1221 955 omnia
1256 901 1517 976 quaecumque
1554 878 1696 974 scripta

260 1017 362 1106 sunt,
390 1013 561 1088 Pilatum
588 1011 637 1086 ad
665 1010 871 1085 Dominum
899 1008 1037 1082 dixisse
1064 1006 1209 1081 autad
1237 1005 1374 1082 Iudeos
1393 1007 1522 1080 totum
1542 1003 1697 1099 legitur.

259 1138 510 1216 Postmodum
537 1139 669 1212 autem
695 1135 907 1231 alloquitur
933 1132 1130 1230 episcopus
1158 1131 1355 1227 populum,
1379 1131 1598 1206 confortans
1619 1141 1719 1219 eos‚·

261 1264 441 1362 quoniam
469 1265 511 1338 et
537 1264 623 1338 tota
650 1263 762 1336 nocte
790 1260 1079 1351 laboraverunt,
1108 1257 1233 1332 adhuc
1269 1256 1483 1332 laboraturi
1511 1255 1590 1331 sint
1617 1255 1701 1349 ipsa

262 1389 334 1482 die,
362 1391 513 1464 utnon
540 1386 743 1477 lassentur,
772 1383 838 1460 sed
864 1383 1034 1459 habeant
1061 1405 1168 1480 spem
1196 1382 1236 1456 in
1264 1381 1440 1472 Domino,
1470 1382 1537 1477 qui
1555 1380 1609 1456 eis
1633 1402 1701 1477 pro

263 1511 308 1590 eo
336 1513 467 1588 labore
485 1511 669 1587 maiorem
689 1509 900 1586 mercedem
918 1508 1137 1582 redditurus
1157 1507 1219 1582 sit.
1239 1506 1291 1581 lit
1308 1507 1362 1582 sic
1380 1487 1600 1582 confortans
1624 1527 1705 1604 eos,

147 1617 158 1640 '
266 1639 310 1712 ut
337 1639 465 1734 potest
491 1635 583 1731 ipse,
612 1635 810 1730 alloquens
838 1632 932 1707 dicit
953 1631 1027 1706 eis:
1055 1631 1115 1707 Ite
1142 1629 1296 1705 interim
1320 1652 1423 1706 nunc
1440 1631 1705 1727 unusquisque

265 1762 314 1837 ad
333 1761 590 1838 domunoellas
609 1765 767 1850 vestras,
788 1757 918 1834 sedete
936 1756 1045 1832 vobis
1064 1759 1105 1833 et
1124 1756 1283 1846 modico,
1303 1759 1344 1830 et
1363 1755 1412 1830 ad
1431 1756 1565 1831 horam
1588 1776 1707 1853 prope

266 1887 469 1964 secundam
498 1885 575 1962 diei
602 1907 733 1962 omnes
762 1885 889 1980 parati
916 1885 1040 1958 estote
1067 1881 1140 1972 hic,
1171 1884 1224 1978 ut,
1244 1879 1291 1956 de
1320 1902 1366 1956 ea
1393 1881 1490 1956 hora
1519 1878 1707 1978 usquead

267 2016 375 2088 sexta
402 2014 577 2088 sanctum
606 2011 751 2106 liguum
771 2009 892 2084 crucis
911 2007 1066 2104 possitis
1084 2005 1227 2098 videre,
1248 2006 1481 2082 adsalutem
1499 2007 1573 2082 sibi
1591 2027 1710 2079 unus·

269 2138 428 2236 quisque
454 2140 630 2212 nostrum
658 2137 813 2212 credens
839 2133 1106 2231 profuturum:
1135 2131 1183 2208 de
1210 2132 1305 2207 hora
1332 2133 1436 2206 enim
1454 2134 1564 2206 sexta
1582 2130 1711 2205 denuo

268 2283 420 2339 necesse
446 2263 631 2338 habemus
658 2260 721 2335 hic
748 2280 879 2335 omnes
906 2259 1108 2335 convenire
1140 2259 1181 2332 in
1213 2258 1288 2332 isto
1321 2257 1416 2350 loco,
1450 2258 1490 2333 id
1523 2261 1584 2334 est
1617 2260 1710 2334 unte

136 2411 147 2426 ·
271 2389 440 2479 Crucem,
471 2388 518 2460 ut
543 2385 772 2461 lectionibus
801 2389 842 2460 et
868 2383 1113 2459 orationibus·
1135 2405 1257 2480 usque
1289 2381 1339 2456 ad
1370 2386 1521 2460 noctem
1554 2405 1710 2481 operam

273 2513 418 2589 demus.

351 2635 446 2710 Post
473 2635 546 2709 hoc
571 2655 662 2729 ergo
694 2632 810 2707 missa
835 2629 840 2723 Ι
864 2631 968 2707 iacta
1004 2631 1213 2723 delirare,
1247 2631 1287 2704 id
1319 2633 1379 2706 est
1411 2633 1622 2727 antequam
1654 2630 1711 2706 sol
1738 2645 1774 2701 su

273 2745 467 2858 prosecari
495 2758 630 2834 statim
655 2758 916 2853 unusquisque
945 2755 1107 2831 animosi
1135 2756 1279 2832 vadent
1314 2757 1354 2830 in
1389 2756 1493 2854 Syon
1526 2779 1635 2832 orare
1663 2756 1712 2829 ad

274 2885 492 2962 columnam
519 2884 637 2974 illam,
666 2882 715 2955 ad
743 2905 859 2978 quam
885 2881 1104 2978 flagellatus
1131 2885 1191 2956 est
1217 2874 1434 2958 Dominus¹.
1454 2882 1548 2957 Iuda
1567 2880 1713 2959 reversi

275 3009 409 3086 sedent
435 3009 581 3084 modice
607 3009 648 3080 in
676 3007 851 3080 domibus
879 3005 970 3096 suis,
999 3009 1039 3081 et
1066 3006 1200 3080 statim
1218 3007 1295 3082 toti
1314 3007 1439 3104 parati
1466 3011 1570 3081 suut.
1590 3007 1641 3082 Et
1661 3007 1715 3082 sic

276 3135 434 3232 ponitur
465 3131 647 3208 cathedra
678 3131 852 3228 episcopo
884 3131 926 3205 in
959 3130 1150 3226 Golgctha
1177 3135 1265 3227 post
1293 3131 1462 3222 crucem,
1499 3154 1597 3228 quae
1633 3132 1716 3206 stat

278 3251 413 3348 nunc²;
442 3256 586 3334 residet
614 3255 810 3351 episcopus
837 3255 899 3330 hic
926 3255 1131 3331 cathedra:
1161 3256 1320 3353 ponitur
1346 3259 1437 3331 ante
1466 3277 1555 3331 eum
1583 3278 1716 3332 mensa

279 3371 534 3459 sublinteata:
563 3383 670 3455 stant
696 3380 739 3454 in
756 3379 839 3477 giro
857 3401 1007 3456 mensae
1027 3381 1223 3470 diacones;
1244 3384 1284 3456 et
1307 3381 1466 3457 affertur
1485 3381 1633 3457 loculus
1654 3405 1715 3456 ar·

278 3511 440 3606 genteus
468 3506 688 3597 deauratus,
715 3505 756 3579 in
784 3527 859 3602 quo
887 3508 948 3579 est
974 3505 1122 3601 lignum
1149 3508 1326 3582 sanctum
1353 3507 1473 3581 crucis
1482 3500 1508 3596 ⁸3
1528 3507 1713 3602 aperitur,

360 3731 544 3810 ¹Oolumna,
565 3728 605 3792 ad
626 3749 717 3808 qnam
748 3729 893 3792 Christus
925 3750 1036 3793 caesus
1067 3737 1125 3809 est,
1157 3729 1302 3810 primitus
1332 3729 1394 3792 fuit
1413 3730 1446 3792 iu
1467 3729 1557 3793 domo
1582 3730 1718 3812 Caiphae

280 3831 365 3906 (Itin.
381 3829 564 3909 Burdigal.):
580 3828 730 3890 sustinuit
744 3835 853 3906 postea
865 3829 1018 3908 porticum
1037 3827 1185 3890 ecclesiae
1200 3828 1274 3890 Sion
1289 3828 1332 3910 (S.
1347 3829 1435 3890 Hier.
1449 3829 1561 3908 Pereg.
1576 3829 1717 3910 Paulae):

282 3929 394 3992 deinde
407 3928 510 4010 posita
525 3934 575 3989 est
588 3924 621 3986 in
634 3925 736 3988 medic
752 3925 893 3988 eiusdem
903 3926 1052 3988 ecclesiae
1065 3927 1194 4008 (Theod.
1207 3926 1246 3988 de
1257 3933 1313 3988 ts.
1324 3925 1540 4007 §surculus
1554 3928 1575 3989 1.
1583 3928 1609 4005 Ι,
1617 3949 1642 3990 c.
1656 3929 1718 4010 19).

361 4025 551 4104 'Golgotha
573 4025 661 4086 locus
681 4023 853 4086 dominicae
873 4024 1039 4104 passionis,
1060 4024 1181 4086 medius
1201 4031 1268 4086 erat
1287 4025 1371 4087 inter
1390 4026 1571 4088 Anastasim
1591 4033 1625 4088 et
1640 4025 1720 4087 hiar-

282 4125 398 4206 tyrinm
418 4124 463 4205 (S.
477 4123 658 4200 Eucherius,
673 4123 692 4202 ξ
705 4123 764 4202 4.);
780 4122 824 4184 ibi
845 4123 957 4184 atrium
977 4123 1105 4200 grande
1126 4123 1180 4184 ubi
1200 4122 1364 4184 crucifixus
1385 4131 1435 4185 est
1455 4123 1605 4187 Dominus
1627 4125 1721 4204 (Bre-

283 4224 416 4286 viarium
435 4221 476 4283 de
495 4221 741 4301 Hierosolyma):
764 4219 912 4282 cathedra
926 4221 1064 4302 episcopi
1077 4221 1343 4300 hierosolymitani
1363 4222 1408 4282 ihi
1421 4222 1524 4302 posita
1543 4230 1620 4300 erat,
1634 4231 1669 4285 ut
1684 4243 1722 4286 ex

283 4319 474 4398 Peregrinae
488 4319 611 4379 verbis:
627 4337 732 4395 «quae
747 4323 812 4378 stat
824 4337 933 4380 nunc»
949 4318 1152 4397 depromitur.
1166 4317 1323 4380 Gathedra
1336 4325 1439 4379 autem
1455 4319 1485 4380 S.
1501 4319 1615 4399 Iacchi,
1630 4319 1722 4399 primi

286 4418 432 4499 episcopi,
448 4437 566 4480 summa
579 4416 779 4478 veneratione
793 4417 827 4476 in
841 4416 973 4478 ecclesia
988 4416 1061 4478 Sion
1074 4417 1263 4495 servabatur,
1278 4423 1315 4476 ut
1329 4415 1501 4496 Peregrina
1514 4417 1583 4497 ipsa
1602 4418 1722 4498 retulit,

213 4552 217 4560 ·
286 4524 318 4579 et
337 4515 455 4595 legitur
474 4516 507 4577 in
527 4515 606 4576 libro
626 4513 715 4575 Petri
734 4513 876 4592 Diaconi‚
898 4515 945 4574 Dc
960 4517 1033 4576 dicio
1048 4501 1165 4576 coactis
1180 4513 1232 4595 (of.
1247 4513 1362 4594 Sulpio.
1378 4513 1483 4576 Seuer.
1504 4515 1581 4578 Vita
1598 4515 1629 4577 S.
1644 4516 1724 4577 hiar-

285 4613 344 4675 tini
365 4613 412 4675 ed.
435 4613 475 4674 de
495 4613 591 4674 Pratc
612 4613 630 4672 1
649 4632 680 4691 p.
702 4611 784 4692 389).

366 4712 379 4748 ³
392 4709 534 4774 Affertur
546 4717 578 4773 et
588 4711 713 4790 ponitur
726 4711 758 4771 in
769 4731 875 4772 mensa
885 4711 982 4772 linteo
995 4717 1077 4772 tecta
1087 4710 1204 4788 lignum
1216 4718 1341 4774 sanctae
1353 4711 1468 4791 Crucis,
1481 4713 1562 4790 quod
1576 4713 1609 4774 in
1623 4713 1723 4776 loculo

287 4817 435 4889 argenteo
457 4810 602 4870 deaurato
617 4808 773 4870 conditum
794 4815 870 4870 erat.
884 4807 1014 4870 Rufinus
1030 4809 1126 4890 (Hist.
1146 4809 1219 4870 eccl.
1241 4810 1261 4871 l.
1283 4811 1325 4886 X,
1346 4829 1371 4870 c.
1393 4811 1425 4890 8)
1447 4821 1552 4872 narrat
1572 4811 1725 4873 Helenam

220 4967 222 4970 .
288 4908 367 4987 ligni
387 4908 532 4969 salutaris
553 4915 673 4988 partem
686 4927 760 4968 vero
775 4908 874 4968 thecis
889 4908 1047 4986 argenteis
1068 4907 1224 4968 conditam
1238 4907 1441 4986 dereliquisse
1455 4911 1488 4970 in
1501 4909 1584 4972 loco:
1602 4911 1724 4973 saeculo

289 5007 397 5086 quinto
418 5007 544 5068 ineunte
565 5007 595 5067 S.
617 5005 808 5086 Porphyrius
830 5005 993 5086 episcopus
1007 5005 1165 5084 Gazensis,
1179 5007 1231 5084 qui
1253 5015 1324 5068 ante
1346 5007 1520 5087 episcopale
1541 5029 1651 5070 munus
1664 5007 1727 5070 fuit

289 5101 516 5181 Hierosolymis
537 5095 764 5193 σταυροφύλαξ,
777 5103 917 5180 reposuit
927 5103 960 5162 in
974 5123 1066 5164 aurea
1080 5103 1171 5164 theca
1183 5103 1391 5165 venerandam
1407 5105 1545 5184 Crucem,
1561 5107 1727 5188 (Metaphr.

291 5201 428 5280 thbr.)
444 5202 491 5261 Hx
503 5201 664 5262 Breviaric
680 5199 720 5260 de
733 5199 950 5277 Hierosolyma
970 5205 1062 5278 atque
1076 5199 1251 5262 Theodosio
1263 5200 1452 5262 addiscimus
1468 5201 1577 5263 Crucis
1595 5203 1727 5265 loculum
1775 5221 1778 5226 ·

294 5319 330 5361 εο
350 5305 490 5378 tempore
504 5300 596 5380 (anno
609 5298 681 5360 circ.
695 5297 767 5378 530)
782 5319 854 5360 auro
871 5307 903 5360 et
917 5301 1048 5379 gemmis
1062 5307 1241 5362 exornatum
1254 5298 1365 5363 fnisse.
1380 5301 1452 5380 Sed,
1467 5301 1549 5380 qnod
1564 5309 1657 5382 caput
1671 5309 1728 5380 est,

249 5467 253 5474 1
292 5395 344 5474 qui
357 5404 442 5458 esset
454 5396 534 5460 ritus
548 5397 656 5460 (ironis
677 5394 851 5459 adorandae
872 5399 996 5460 saeculo
1017 5407 1135 5478 quarto,
1146 5399 1204 5461 hoc
1218 5400 1285 5461 loco
1300 5400 1460 5463 docemur:
1479 5400 1519 5464 de
1533 5421 1593 5479 quo
1608 5408 1640 5463 et
1653 5400 1731 5463 Pau·
1843 5449 1848 5462 .

294 5491 376 5554 linus
395 5493 435 5563 ad
456 5493 606 5558 Severum
626 5491 752 5574 scripsit
773 5491 845 5574 (Ep.
865 5493 928 5574 XI)
951 5497 1109 5560 exrelatu
1130 5496 1285 5560 Melaniae
1304 5497 1534 5578 Hierosolymis
1556 5498 1732 5580 [redeuntis.
