4622 6572
646 710 717 757 mr
936 679 939 684 ’
1274 707 1457 753 rasururro

588 1021 592 1028 ἱ
636 909 716 1019 dit,
732 927 821 1002 inde
845 948 1043 1024 progressa
1062 931 1122 1002 est
1135 927 1273 1024 Naym‚
1289 931 1329 1002 et
1346 927 1506 1018 Sichem,
1524 927 1604 1004 siue
1618 925 1830 1024 Neapolim.
1852 927 1898 1002 In
1922 927 2093 1004 civitate

645 1073 839 1151 Nazareth
869 1075 1024 1148 domum
1051 1073 1195 1148 Mariae
1218 1076 1337 1170 atque
1354 1073 1570 1170 proximum
1599 1073 1758 1166 iontem,
1784 1075 1967 1171 adquam
1996 1074 2090 1148 Vir·

645 1217 726 1314 gini
752 1217 922 1314 Angelus
950 1217 1141 1314 apparuit,
1166 1216 1355 1293 adoravit.
1375 1217 1545 1293 Mentem
1574 1219 1693 1295 etiam
1721 1220 1873 1294 Thabor
1899 1240 1985 1294 eam
2014 1217 2089 1292 ad-

645 1361 831 1436 scendisse
858 1383 935 1435 non
959 1360 1106 1450 dubito,
1135 1383 1219 1436 cum
1235 1361 1479 1455 propterloci
1493 1361 1751 1453 sanctitatem,
1770 1365 1856 1435 tum
1876 1360 1979 1458 quod
1998 1360 2087 1435 eius
2154 1447 2157 1455 Ι
2184 1333 2186 1335 ¹

644 1503 892 1578 altitudinem
910 1502 1169 1599 regionesque,
1190 1523 1288 1597 quae
1315 1524 1336 1576 e
1363 1503 1506 1578 uertice
1526 1503 1718 1594 visuntur,
1747 1506 2084 1578 commemoraret.

644 1646 733 1721 Mox
750 1645 885 1742 pedem
905 1645 1063 1720 divertit
1081 1645 1130 1719 ad
1150 1644 1387 1718 Tiberiadem
1406 1648 1448 1718 et
1461 1644 1740 1740 Capheream,
1756 1646 1972 1742 montisque
1992 1667 2084 1740 pro·

644 1781 737 1864 ximi
751 1811 903 1886 specum
918 1788 1090 1886 adspicit,
1107 1788 1172 1862 ubi
1186 1787 1372 1862 Dominus
1387 1789 1526 1885 populo
1541 1811 1753 1864 sermonem
1768 1787 2085 1864 benedictionum

643 1932 744 2008 fecit.
764 1932 810 2006 In
827 1932 955 2008 reditu
976 1931 1100 2007 Gebus
1119 1931 1270 2022 transit,
1291 1933 1332 2005 et
1350 1953 1526 2026 campum
1545 1931 1792 2007 maledictum
1810 1931 1976 2007 lezrael:
1998 1931 2084 2005 Ior-

645 2075 794 2150 damam¹
810 2076 953 2151 flumen
979 2074 1240 2149 sinistrorsum
1259 2073 1446 2170 linquenS,
1473 2075 1573 2170 petit
1601 2074 1825 2165 Samariam,
1853 2077 1987 2170 postea
2008 2073 2083 2171 Sy·

642 2219 736 2310 lum,
766 2217 900 2297 deinde
926 2219 1084 2295 Bethel:
1122 2219 1297 2316 protinus
1335 2219 1553 2293 ostenditur
1588 2219 1624 2293 ei
1660 2241 1826 2315 campus,
1856 2217 1923 2292 ubi
1951 2218 2082 2294 David

645 2363 794 2439 Goliam
822 2362 971 2439 occidit.
994 2362 1301 2459 Hierosolymam
1332 2361 1458 2438 denuo
1486 2333 1814 2458 praetergrediens
1852 2362 2080 2438 Eleuthero-

643 2507 761 2603 polim
788 2507 897 2584 novit
916 2509 957 2584 et
974 2506 1227 2599 Morastitem,
1244 2529 1320 2601 quo
1339 2505 1422 2580 loco
1446 2506 1662 2602 sepulcrum
1680 2505 1849 2581 Micheae
1867 2505 2079 2601 prophetae

644 2651 854 2727 colebatur.

723 2796 779 2871 De
806 2799 945 2892 quarto
963 2794 1101 2870 itinere
1130 2794 1178 2868 ad
1196 2794 1416 2891 Aegyptum
1443 2798 1484 2870 et
1511 2793 1716 2886 Thebaida,
1736 2794 1838 2890 quod
1863 2792 2082 2870 firmissimo

642 2939 771 3014 animo
785 2913 945 3035 peregit,
961 2960 1082 3034 pauca
1096 2940 1187 3011 sunt
1202 2938 1372 3014 dicenda.
1390 2939 1558 3013 Tantum
1572 2929 1818 3034 colligimus¹,
1835 2936 1937 3034 quod
1951 2937 2001 3012 ad
2015 2961 2082 3011 ur·

641 3083 729 3160 bem
752 3083 888 3157 Tanim
908 3083 957 3157 ad
985 3083 1084 3157 ostia
1102 3081 1193 3172 Nili,
1211 3082 1376 3179 primum
1395 3083 1583 3177 pervenit,
1599 3082 1686 3156 hinc
1705 3079 1990 3157 Alexandriam.
2006 3079 2081 3154 Po·

562 3315 565 3320 ·
643 3229 726 3301 stea
743 3225 903 3303 adverso
930 3226 1098 3317 flumine,
1123 3226 1185 3301 uel
1204 3227 1268 3300 via
1286 3231 1443 3321 propter
1461 3226 1558 3299 illud
1578 3225 1772 3300 Thebaida
1793 3247 1911 3321 usque
1929 3247 1970 3300 se
1989 3247 2079 3300 con-

642 3371 737 3446 tulit
750 3362 774 3464 ²,
804 3394 848 3448 ac
866 3371 1092 3447 monasteris
1111 3370 1299 3463 lustratis,
1328 3369 1600 3445 sanctosviros
1628 3368 1766 3444 devote
1793 3369 1985 3445 convenit.
2008 3368 2083 3444 Sed

643 3538 741 3614 quae
767 3515 919 3607 viderit,
948 3538 1062 3611 quam
1090 3515 1142 3590 sit
1169 3514 1362 3610 regionem
1390 3516 1607 3611 assequuta,
1630 3513 1829 3605 nescimus,
1859 3513 1951 3611 quia
1980 3513 2083 3590 hanc

641 3658 955 3757 peregrinationis
983 3663 1132 3755 partem
1153 3659 1290 3734 Petrus
1317 3657 1508 3732 Diaconus
1527 3659 1681 3733 omnino
1709 3657 1889 3753 neglexit.
1919 3657 1949 3730 Ε
1981 3657 2080 3734 The·

641 3799 754 3875 baide
780 3801 883 3876 viam
912 3799 1027 3896 elegit
1054 3821 1122 3896 per
1149 3799 1355 3896 Memphim
1383 3803 1423 3875 et
1441 3799 1706 3896 Babyloniam,
1722 3823 1746 3873 a
1763 3821 1840 3895 qua
1867 3821 1945 3873 non
1966 3799 2081 3894 longe

641 3941 858 4039 pyramides
885 3942 1026 4016 mirata
1052 3917 1123 4016 est.
1153 3941 1264 4015 Viam
1293 3963 1359 4038 per
1386 3941 1615 4036 Heliopolim
1642 3943 1886 4037 prosequuta,
1901 3939 1951 4015 de
1978 3940 2077 4016 cale·

642 4083 753 4158 brato
773 4083 863 4158 solis
881 4085 1037 4180 templo,
1053 4085 1154 4181 quod
1172 4085 1226 4158 ibi
1245 4085 1454 4159 maximum
1470 4083 1556 4175 fuit,
1572 4086 1691 4180 atque
1705 4084 1751 4158 de
1766 4082 1945 4159 Petelrae
1964 4082 2080 4159 domo

642 4227 877 4302 mentionem
905 4225 1007 4301 i'ecit.
1036 4226 1096 4301 Ad
1124 4227 1204 4302 Nili
1231 4227 1428 4302 dexteram
1455 4224 1649 4322 regionem
1678 4225 1818 4301 Gesseu
1850 4224 2079 4322 ingreditur,
2121 4237 2125 4244 '

642 4393 740 4470 quae
754 4371 946 4448 uberrima
960 4371 1128 4470 Aegypti
1146 4395 1234 4468 pars
1252 4375 1346 4446 tunc
1361 4371 1662 4466 Augustamnica
1682 4370 1960 4468 appellabatur,
1977 4373 2019 4446 et
2038 4371 2080 4446 iu

642 4516 824 4593 Arabiam
843 4515 1041 4592 civitatem
1060 4516 1216 4592 devenit
1230 4507 1254 4590 ³.
1289 4514 1486 4611 Equidem,
1515 4518 1562 4588 ut
1593 4513 1902 4611 Hierosolymam
1925 4517 2078 4590 teneret

723 4755 732 4794 ¹
747 4747 909 4835 Peregriu.
930 4777 960 4842 p.
981 4759 1021 4816 46
1033 4777 1040 4817 :
1065 4755 1172 4818 «Sane
1187 4756 1262 4818 licet
1275 4763 1390 4816 terram
1410 4753 1511 4816 (iesse
1525 4754 1587 4815 iam
1601 4771 1734 4836 nossem,
1749 4754 1782 4817 id
1797 4762 1847 4818 eat
1861 4773 1921 4834 qua
1934 4753 2079 4833 primitus

642 4855 682 4918 ad
703 4855 862 4935 Egyptum
881 4855 1038 4918 fueram.»
1060 4855 1146 4917 Patr.
1167 4855 1206 4918 D.
1227 4877 1257 4934 p.
1281 4856 1340 4916 134
1358 4861 1391 4916 et
1413 4854 1480 4916 135.

721 4953 874 5033 'Peregn
896 4974 925 5033 p.
948 4956 1001 5016 50:
1025 4962 1146 5017 «notus
1165 4954 1239 5016 mihi
1259 4955 1321 5015 iam
1342 4955 1429 5030 satis,
1450 4953 1489 5014 de
1504 4974 1541 5017 eo
1561 4960 1709 5034 tempore,
1724 4974 1814 5035 aquo
1829 4954 1869 5017 ad
1883 4953 2076 5017 Thebaidem

640 5050 861 5116 fueramaur
881 5053 973 5132 paulo
993 5051 1141 5114 inferius:
1160 5054 1230 5114 «Et
1250 5052 1324 5114 licet
1345 5072 1382 5114 ea
1398 5053 1475 5132 loca,
1491 5059 1526 5114 ut
1540 5054 1683 5133 superius
1698 5053 1774 5134 dixi,
1798 5055 1860 5117 iam
1887 5073 2023 5132 nossem,
2044 5050 2077 5114 id

641 5157 691 5213 est
710 5150 832 5229 quando
852 5150 1073 5213 Alexandriam
1094 5153 1144 5215 vel
1166 5151 1205 5213 ad
1226 5152 1415 5214 Thebaidem
1436 5151 1593 5215 fueram.»

720 5249 833 5311 ’Pota
853 5250 893 5312 D.
913 5271 944 5330 p.
967 5251 1025 5311 136
1045 5252 1173 5330 Peregr.
1191 5273 1221 5332 p.
1243 5253 1301 5312 50:
1325 5253 1460 5331 «Agger
1472 5252 1616 5332 publicus
1631 5260 1698 5316 erat
1711 5274 1769 5334 per
1782 5255 1971 5335 Aegyptum,
1992 5252 2075 5331 quod

641 5348 850 5411 transiebatur
869 5369 927 5429 per
946 5349 1093 5411 Arabiam
1114 5350 1283 5429 civitatem,
1302 5347 1406 5413 idest
1426 5351 1511 5430 quod.
1520 5351 1620 5412 mittit
1639 5353 1679 5415 de
1700 5353 1860 5416 Thebaida
1873 5354 1905 5416 iu
1918 5352 2075 5414 Pelusio.»

640 5447 723 5511 Vide
735 5447 844 5510 Itiner.
859 5447 1029 5510 Antonini:
1053 5449 1147 5510 «Iter
1161 5469 1179 5510 a
1191 5449 1318 5511 Pelusio
1332 5450 1471 5529 Memphi
1483 5471 1523 5510 m.
1536 5470 1566 5530 p.
1583 5451 1747 5531 CXXII„
1770 5460 1804 5516 et
1823 5453 1899 5516 Tab.
1913 5452 2073 5532 Peutiug:

645 5545 995 5610 ‹Pelusio—Phaouai
1018 5551 1104 5610 etc.»
