4622 6572
804 669 848 714 on
872 669 1048 716 ursranus
1071 672 1115 716 ar
1138 671 1246 716 nunni
1698 655 1740 720 27

306 893 556 989 repperiatur.
586 891 761 986 Namque
790 890 882 963 dum
909 891 1050 965 creatio
1079 889 1180 963 orbis
1208 889 1385 981 refertur,
1420 888 1522 964 Deus
1550 892 1739 986 cognosci·

305 1022 371 1092 tur
398 1019 438 1092 in
466 1018 654 1094 creando:
683 1016 773 1090 dum
801 1016 930 1091 Enoch
949 1016 1161 1091 translatus
1180 1015 1337 1089 auditur
1355 1037 1464 1111 posse
1491 1015 1597 1106 effici,
1624 1017 1740 1092 homo

305 1144 536 1244 intelligitur
563 1147 760 1218 aeternus:
789 1142 881 1216 dum
909 1141 1007 1216 Loth
1035 1142 1199 1237 perustis
1234 1141 1401 1237 quinque
1429 1142 1652 1217 civitatibus
1679 1165 1738 1218 re·

306 1272 492 1358 servatur,
514 1290 642 1342 coram
661 1267 740 1340 Deo
760 1287 840 1340 esse
860 1289 978 1340 aarum
997 1265 1254 1339 innocentium
1276 1265 1475 1340 discimus:
1496 1265 1587 1340 dum
1606 1271 1740 1342 contra

305 1396 473 1469 edictum
502 1393 571 1467 Dei
600 1397 703 1468 retro
731 1392 932 1488 respiciens
954 1413 1050 1466 uxor
1077 1392 1158 1466 eius
1178 1391 1219 1464 in
1246 1391 1462 1466 columnam
1491 1392 1579 1466 salis
1608 1393 1739 1467 demu-

304 1523 423 1610 tatur,
458 1519 507 1592 ad
539 1518 794 1594 obedientiam
824 1517 1144 1592 constitutionum
1177 1517 1248 1590 Dei
1284 1518 1445 1612 exempli
1479 1521 1586 1594 metu
1614 1519 1738 1594 erudi-

304 1666 410 1717 mur:
430 1644 523 1716 dum
541 1646 695 1738 peccata
715 1643 985 1716 Amorreornm
1015 1644 1265 1738 expectantur
1288 1641 1448 1737 impleri,
1470 1645 1510 1716 et
1529 1642 1740 1717 misericor·

304 1768 407 1842 diam
434 1769 505 1842 Dei
542 1771 582 1842 ot
618 1767 807 1842 iustitiam
835 1767 1118 1862 cognoscimus:
1149 1788 1235 1841 cum
1269 1769 1309 1841 et
1334 1765 1338 1858 l
1363 1768 1625 1863 expectatione
1659 1769 1739 1844 eius
1766 1783 1801 1840 ae

303 1892 499 1967 desinendi
526 1894 635 1967 nobis
662 1917 686 1966 a
712 1893 875 1988 peccatis
903 1895 1054 1986 tempus
1079 1895 1308 1988 prorogatur
1321 1882 1345 1983 ¹,
1376 1894 1415 1966 et
1434 1893 1474 1964 in
1501 1914 1738 1968 consumma·

304 2019 448 2092 tionem
476 2020 660 2094 scelerum
687 2019 784 2092 ultio
814 2019 936 2092 dilata
960 2017 1188 2093 decernitur.
1218 2017 1301 2092 lam
1330 2040 1420 2092 vero
1447 2018 1739 2114 generationum

305 2142 411 2233 ordo,
440 2142 619 2218 Abrahae
647 2143 793 2233 electio
820 2142 1122 2237 patriarcharum
1153 2143 1378 2239 procreatio,
1403 2142 1534 2238 populi
1561 2143 1740 2234 servitus,

304 2267 581 2364 Aegyptiorum
605 2268 741 2359 clades,
761 2268 878 2342 maris
905 2268 1053 2360 divisio,
1073 2289 1237 2343 mannae
1265 2267 1455 2359 irrorati0,
1477 2268 1572 2364 legis
1599 2270 1738 2342 consti·

303 2395 419 2485 tutio,
439 2393 709 2470 sacrificiorum
729 2392 937 2484 distinctio,
957 2392 1126 2468 iudicum
1143 2396 1309 2489 tempus,
1329 2414 1532 2489 regnorum
1558 2393 1737 2488 cognitio,

303 2517 433 2613 populi
461 2519 500 2590 in
528 2517 755 2613 captivitate
796 2517 1098 2612 transmigratio,
1127 2519 1347 2590 sanctorum
1385 2515 1493 2607 visio,
1527 2515 1737 2590 admonitio

302 2643 589 2738 prophetarum,
606 2644 645 2717 in
662 2645 850 2737 quantum
865 2642 913 2715 ad
928 2641 1184 2736 cognitionem
1192 2642 1402 2717 necessaria
1415 2645 1490 2716 est:
1506 2642 1545 2715 in
1561 2641 1737 2716 omnibus

303 2769 404 2843 enim
432 2770 653 2844 memoratis
680 2769 866 2865 superius,
895 2767 998 2843 Deus
1025 2772 1147 2866 pater,
1177 2771 1217 2843 et
1244 2768 1347 2844 Deus
1374 2767 1487 2861 filius,
1516 2773 1557 2844 et
1584 2791 1630 2842 ex
1657 2770 1737 2844 Deo

302 2896 412 2987 patre
439 2891 542 2967 Deus
570 2892 683 2984 filius,
711 2891 815 2968 Deus
843 2896 883 2967 et
910 2892 1023 2966 homo
1051 2891 1157 2968 Iesus
1185 2893 1358 2967 Christus
1378 2893 1607 2990 agnoscitur.
1636 2893 1736 2966 Dum

302 3017 342 3090 in
370 3018 599 3092 erectionem
626 3017 759 3090 mundi
786 3017 889 3091 Deus
917 3017 1036 3108 iubet,
1065 3020 1106 3092 et
1133 3017 1234 3092 Deus
1263 3017 1397 3094 efficit:
1427 3019 1519 3091 dum
1546 3019 1660 3093 bomo
1688 3018 1736 3092 ad

302 3143 512 3216 communis
539 3142 716 3237 imaginis
744 3141 906 3236 speciem
925 3141 1132 3216 formatur:
1162 3141 1252 3215 dum
1273 3143 1374 3237 pluit
1401 3141 1524 3216 sulfur
1542 3146 1583 3218 et
1610 3145 1736 3238 iguem

302 3266 485 3342 Dominus
513 3290 537 3340 a
564 3267 748 3355 Domino;
777 3290 867 3340 nam
895 3289 963 3341 neo
991 3266 1062 3340 sibi
1096 3267 1180 3360 quis
1208 3267 1369 3358 iuberet,
1399 3270 1445 3340 ut
1486 3267 1639 3360 faceret,
1668 3291 1737 3343 nec

301 3393 606 3467 communionem
634 3416 743 3468 suam
772 3391 821 3466 ad
848 3393 1016 3466 alterum
1043 3391 1148 3466 solus
1174 3391 1406 3483 ostenderet,
1426 3413 1495 3466 nec
1514 3391 1588 3465 sibi
1615 3393 1736 3484 daret,

300 3521 417 3612 atque
445 3541 468 3592 a
495 3541 537 3593 sa
563 3539 663 3592 unus
692 3517 895 3613 acciperet:
925 3517 1017 3589 dum
1045 3516 1159 3590 homo
1187 3516 1235 3590 ab
1265 3516 1461 3590 Abraham
1502 3516 1668 3608 videtur,
1698 3520 1738 3592 et

300 3643 401 3717 Deus
429 3642 633 3717 adoratur:
654 3642 746 3715 dum
764 3641 804 3714 in
831 3641 944 3716 Iacob
963 3641 1069 3743 lucta
1088 3643 1136 3715 ab
1155 3642 1309 3716 homine
1328 3641 1430 3716 Deus
1450 3641 1625 3717 videtur:
1646 3640 1737 3715 dum

300 3767 493 3842 hominem
520 3771 657 3842 tenens
690 3767 858 3842 benedici
886 3789 925 3842 se
954 3791 976 3840 a
1008 3766 1171 3841 Domino
1204 3767 1396 3863 postulat:
1427 3766 1519 3840 dum
1551 3790 1574 3841 a
1605 3767 1735 3841 Nabu-

300 3893 535 3969 chodonosor
561 3893 687 3967 tribus
713 3894 868 3966 tantum
896 3893 1022 3987 pueris
1051 3893 1091 3965 in
1119 3892 1311 3967 caminum
1339 3893 1482 3983 missis,
1517 3894 1633 3966 simili
1665 3894 1738 3969 Dei

299 4017 378 4092 filio
407 4021 567 4113 quartus
604 4017 807 4114 aspicitur:
846 4016 936 4089 dum
969 4019 1072 4113 parit
1108 4017 1215 4112 virgo
1259 4017 1513 4092 Hemmanuoi
1541 4041 1640 4110 eum,
1671 4020 1737 4116 qui

300 4144 498 4218 nobiscum
524 4143 627 4218 Deus
654 4146 724 4219 est.
745 4142 848 4217 Haec
875 4165 964 4237 ergo
993 4142 1041 4215 ab
1061 4143 1236 4216 omnibus
1256 4141 1482 4238 significata,
1503 4144 1543 4217 in
1565 4165 1640 4217 nno
1670 4143 1736 4218 illo

300 4269 454 4364 cognita
481 4272 522 4343 et
548 4269 713 4365 expleta,
742 4268 929 4343 reservari
957 4268 997 4340 in
1025 4267 1248 4342 memoriam
1275 4267 1426 4364 scriptis
1445 4272 1485 4343 et
1504 4269 1737 4365 consignatis

299 4391 558 4467 voluminibus
587 4393 777 4482 convenit,
809 4395 852 4464 ut
878 4391 1084 4488 posteritas
1113 4391 1389 4466 successionum
1409 4394 1525 4486 gestis
1552 4394 1736 4489 temporis

196 4503 200 4508 ¹
299 4519 501 4592 anterioris
528 4519 729 4608 instructa,
759 4520 799 4591 et
826 4517 1041 4613 praesentia
1070 4517 1188 4592 etiam
1202 4517 1242 4591 in
1262 4517 1480 4612 praeteritis
1499 4518 1733 4613 contempla·

299 4642 488 4733 retonat
524 4641 734 4738 praeterita
770 4663 872 4716 nunc
909 4662 1061 4736 quoque
1096 4640 1138 4713 in
1171 4643 1432 4736 praesentibus
1473 4644 1735 4718 veneraretur.

299 4765 475 4861 Namque
503 4765 647 4857 eadem,
669 4789 755 4841 cum
778 4765 947 4862 perlecta
975 4764 1151 4840 veritatis
1180 4765 1346 4860 cognitio
1375 4769 1445 4857 est,
1465 4765 1497 4840 si
1515 4767 1659 4840 veritas
1689 4787 1736 4838 ex

299 4891 452 4966 ratione
479 4891 723 4987 intelligatur
751 4891 895 4982 (omnia
922 4890 1023 4965 enim
1052 4891 1102 4963 ad
1129 4891 1386 4987 cognitionem
1412 4893 1596 4979 nostram,
1619 4895 1736 4987 atqua

300 5016 349 5090 ad
376 5015 631 5090 firmissimam
650 5017 781 5091 iudicii
801 5016 923 5092 nostri
939 5017 1052 5091 fidem
1070 5017 1211 5114 scripta
1230 5019 1348 5110 sunt),
1369 5039 1492 5114 neque
1511 5017 1616 5108 haec,
1638 5039 1735 5112 quae

298 5161 344 5213 ex
371 5143 564 5215 sententia
600 5139 672 5214 Dei
699 5141 739 5213 in
778 5141 896 5215 libros
924 5142 1047 5216 relata
1089 5146 1191 5234 sunt,
1235 5142 1452 5237 cognitione
1495 5139 1733 5236 posteritatis

297 5267 496 5359 eguerunt.
532 5263 604 5339 Sed
640 5266 857 5360 cognitione
891 5266 1168 5362 scripturarum
1209 5266 1413 5362 posteritas
1447 5265 1654 5360 indigebat,
1688 5267 1734 5340 ut

380 5512 594 5585 *prorogetur
664 5475 667 5480 ¹
