4604 6560
744 758 788 802 66
812 756 896 804 coes
920 755 1048 804 666666
1071 755 1125 802 su.
1149 761 1248 804 666-666
1671 739 1714 808 91

356 979 462 1055 Hora
488 1000 578 1075 ergo
606 977 769 1074 septima
797 978 918 1052 omnis
945 977 1108 1074 populus
1136 976 1314 1051 66666161
1341 978 1380 1050 16
1407 980 1539 1052 monte
1564 977 1713 1068 oliveti,

277 1104 316 1178 id
344 1108 403 1180 est
430 1105 470 1178 16
497 1103 659 1178 Eleous:
690 1103 730 1176 16
756 1102 912 1178 66616616
939 1101 1045 1178 66161
1073 1103 1289 1198 episcopus:
1319 1102 1499 1177 dicuntur
1533 1105 1642 1200 ymni
1674 1106 1719 1179 et

279 1231 512 1328 antiphonae
539 1232 628 1325 apte
656 1228 731 1302 diei
758 1229 830 1324 ipsi
857 1229 919 1316 661
944 1229 1047 1303 loco:
1075 1229 1258 1303 lectiones
1286 1229 1405 1303 etiem
1437 1228 1624 1305 similiter.
1666 1229 1717 1304 111

279 1379 365 1432 cum
393 1355 535 1451 ceperit
561 1375 601 1428 66
629 1353 753 1428 166666
776 1352 870 1426 1666
888 1374 1002 1442 6666,
1021 1353 1174 1426 6611166
1193 1373 1279 1426 cum
1298 1351 1423 1448 ymnis
1442 1352 1483 1426 in
1501 1354 1716 1445 Imbomon,

277 1481 390 1556 idest
408 1481 449 1553 16
467 1501 512 1555 66
531 1479 626 1570 1666,
644 1479 689 1554 16
708 1463 783 1574 666
803 1479 975 1553 66666111
993 1478 1179 1552 Dominus
1198 1479 1238 1551 in
1257 1470 1401 1569 coelis¹,
1418 1483 1458 1552 et
1477 1479 1531 1553 ibi
1549 1479 1718 1552 aeditus:

280 1627 369 1680 nam
389 1602 512 1679 omnis
531 1603 705 1699 populus,
725 1624 872 1698 semper
889 1606 1064 1698 presente
1082 1602 1266 1697 episcopo,
1287 1602 1443 1676 iubetur
1461 1601 1610 1691 sedere:
1626 1605 1715 1676 tan·

279 1734 365 1804 tum
392 1728 494 1824 quod
522 1727 697 1803 diacones
724 1730 829 1801 61661
857 1749 1016 1822 semper.
1045 1727 1235 1800 Dicuntur
1262 1729 1302 1801 et
1329 1727 1383 1800 ibi
1410 1727 1518 1824 ymni
1549 1727 1612 1802 661
1646 1750 1718 1801 an-

271 1855 462 1953 tiphonae
490 1855 604 1950 aptae
630 1853 713 1928 loco
741 1853 811 1926 aut
839 1852 931 1947 diei:
961 1851 1138 1926 similiter
1174 1855 1215 1926 et
1249 1850 1430 1926 lectiones
1463 1851 1718 1947 interpositae

282 1987 322 2058 et
350 1983 553 2056 orationes.
582 1979 710 2052 Etiam
739 2001 825 2053 cum
854 1977 1717 2074 66666116666166666166166616611661116

282 2105 699 2202 1666616666666116,
729 2104 989 2180 61116166166
1018 2127 1103 2180 cum
1132 2107 1247 2178 ramis
1279 2104 1340 2180 661
1377 2105 1513 2200 palmis
1550 2126 1721 2180 occurre·

283 2235 377 2308 runt
390 2232 565 2322 Domino,
582 2230 766 2306 dicentes:
787 2233 802 2264 “
823 2228 1062 2321 Benedictus,
1077 2229 1143 2324 qui
1162 2229 1269 2303 venit
1288 2229 1327 2300 in
1345 2229 1499 2303 nomine
1513 2228 1712 2316 Domini,

284 2359 333 2434 Et
361 2357 495 2432 statim
521 2355 628 2430 levat
655 2376 694 2429 66
722 2355 934 2450 episcopus,
968 2357 1009 2428 et
1043 2354 1164 2428 omnis
1199 2353 1362 2450 populus
1399 2374 1511 2449 porro
1547 2352 1636 2428 1616
1673 2353 1719 2427 16

284 2504 433 2558 summo
460 2482 592 2554 monte
615 2479 748 2554 oliveti
767 2481 896 2552 totum
915 2478 1072 2574 pedibus
1091 2479 1181 2552 itur.
1203 2478 1302 2552 Nam
1321 2481 1428 2552 totus
1446 2478 1609 2574 populus
1628 2479 1719 2552 6616

284 2610 410 2706 ipsum
424 2629 511 2681 curn
524 2605 651 2701 ymnis
666 2604 728 2679 vel
742 2603 961 2698 antiphonis
976 2602 1248 2699 respondentes
1264 2625 1431 2698 semper:
1452 2601 1721 2695 “Benedictus,

286 2733 352 2830 qui
379 2731 488 2807 66611
514 2731 555 2804 16
582 2730 736 2803 nomine
763 2728 927 2804 Domini.
950 2785 965 2816 ,
989 2727 1040 2803 Et
1058 2729 1250 2824 quotquot
1268 2729 1360 2801 sunt
1379 2727 1546 2803 infantes
1573 2728 1615 2801 in
1641 2726 1722 2802 his·

287 2858 371 2932 dem
400 2855 502 2946 locis,
531 2875 652 2950 66666
681 2854 800 2928 etiam
827 2853 894 2949 qui
921 2851 1079 2950 pedibus
1106 2852 1302 2928 ambulare
1329 2874 1407 2926 non
1434 2856 1605 2948 possunt,
1630 2851 1722 2948 6616

286 2982 408 3058 166661
436 2983 537 3072 6661,
566 2979 607 3052 16
635 2979 732 3054 66116
760 2979 846 3052 11166
876 2980 1052 3073 parentes
1081 2977 1140 3051 sui
1167 2979 1314 3068 tenent,
1344 2998 1474 3052 omnes
1510 2999 1638 3052 ramos
1664 2979 1725 3051 te·

287 3110 434 3197 nentes,
463 3106 529 3179 alii
558 3105 784 3201 palmarum,
813 3104 880 3176 alii
906 3093 1130 3178 olivarum²z
1159 3105 1200 3176 et
1226 3103 1280 3177 616
1309 3102 1511 3178 deducitur
1529 3099 1726 3200 episcopus

288 3235 329 3308 in
357 3255 402 3308 66
429 3235 535 3329 typo,
566 3251 641 3326 quo
668 3234 761 3304 1666
789 3229 975 3303 Dominus
994 3228 1178 3303 16166166
1195 3227 1265 3302 661.
1286 3228 1337 3301 Et
1355 3227 1401 3302 16
1426 3251 1574 3302 summo
1594 3231 1725 3303 moute

289 3378 409 3455 usque
438 3356 488 3432 ad
515 3355 723 3445 civitatem,
752 3355 793 3428 61
820 3353 910 3429 1616
940 3352 989 3425 61
1024 3352 1211 3426 16661666
1247 3375 1315 3448 per
1350 3355 1477 3427 totam
1513 3352 1724 3446 civitatem,

289 3487 418 3559 totum
444 3480 624 3578 pedibus:
653 3479 775 3555 omnis
803 3478 921 3569 sedet,
949 3478 982 3552 si
1009 3499 1108 3574 quae
1135 3481 1336 3552 matronae
1362 3481 1469 3568 6661,
1499 3479 1630 3552 66161
1657 3479 1724 3574 661

292 3608 455 3683 domini:
476 3606 528 3682 616
548 3605 741 3681 16166661
759 3604 975 3699 episcopum
994 3601 1277 3697 respondentes,
1298 3601 1409 3678 61616
1428 3603 1533 3678 16616
1552 3602 1727 3692 6116616,

291 3755 339 3808 66
365 3732 532 3806 lassetur
557 3729 740 3824 populus;
771 3747 883 3822 porro
911 3727 989 3800 iam
1016 3747 1100 3801 sera
1117 3725 1342 3821 pervenitur
1361 3725 1410 3800 ad
1429 3725 1631 3803 Anastase.
1650 3725 1726 3800 Ubi

291 4007 439 4071 Arculfm
461 4007 522 4089 (De
541 4007 620 4070 locis
640 4007 757 4070 sanctis
777 4007 799 4068 l.
819 4008 845 4086 Ι,
867 4009 935 4088 Del:
959 4008 1036 4069 ‹De
1057 4006 1119 4069 alia
1139 4005 1311 4070 celebriore
1332 4005 1464 4068 ecclesie
1494 4004 1534 4067 61
1563 4007 1731 4070 australem
1798 3957 1803 3964 ·
1832 3948 1846 4055 ⁸¹¹·

293 4105 466 4169 Bethaniae
484 4111 605 4184 partem
624 4105 656 4166 in
678 4124 713 4167 66
734 4105 848 4167 montis
870 4104 988 4168 0116611
1009 4104 1075 4168 1666
1095 4103 1235 4184 fundata,
1255 4103 1288 4166 in
1309 4123 1369 4183 666
1389 4103 1542 4165 Dominus
1570 4104 1610 4166 61
1631 4103 1732 4168 disci·
1849 4128 1852 4157 ι

292 4205 384 4287 pulos
403 4203 551 4265 habuisse
572 4222 744 4265 sermonem
765 4202 918 4266 dicitur».

374 4301 516 4364 ¹M0ntis
538 4299 655 4363 0116611
676 4301 845 4380 summitas,
867 4321 945 4379 quae
965 4308 1093 4383 propter
1120 4300 1245 4364 Domini
1270 4299 1483 4364 666666166666
1501 4299 1543 4362 61
1562 4299 1665 4364 caelos
1686 4319 1733 4362 sa·

294 4399 647 4476 666666616161116661,
667 4401 894 4478 6666116661
913 4400 965 4462 116
984 4400 1107 4478 legitur,
1128 4403 1295 4476 Imbomoe,
1318 4397 1510 4487 Ἐμβώμιον,
1530 4397 1613 4476 6661
1638 4397 1672 4458 16
1692 4396 1735 4458 al·

295 4499 356 4561 1661
376 4499 428 4561 661
448 4503 601 4577 suggestu
615 4503 672 4558 est.
686 4497 737 4558 Ibi
751 4515 871 4576 666666
891 4498 1023 4561 ecclesia
1044 4503 1184 4559 extructa
1196 4496 1264 4574 fuit,
1280 4517 1367 4576 6666,
1382 4495 1464 4574 6661
1479 4497 1508 4558 61
1527 4494 1627 4557 forma
1648 4502 1732 4558 66661

295 4597 435 4675 6616616,
457 4596 590 4659 medium
610 4602 791 4658 veneratum
804 4596 906 4658 locum
925 4596 1130 4676 pulcherrime
1150 4597 1348 4676 protegebat:
1371 4613 1462 4672 quem
1483 4593 1619 4674 desuper
1638 4599 1733 4656 16616-

296 4697 400 4759 dinem
419 4715 481 4756 non
500 4693 657 4772 babuisse,
679 4693 737 4757 661
756 4694 918 4774 religionis
939 4715 1032 4757 66666
1051 4695 1202 4756 mansisse
1223 4695 1281 4756 661
1302 4692 1363 4772 116,
1384 4691 1534 4754 traditum
1556 4697 1615 4754 661.
1643 4691 1720 4754 Tem

294 4815 370 4875 pore
389 4790 548 4854 Itinerarii
567 4791 805 4872 Burdigalensis
821 4792 902 4874 (anu.
918 4793 989 4872 333)
1012 4811 1079 4853 eam
1100 4789 1417 4874 ecelesiamunondum
1433 4789 1577 4852 extitisse
1589 4791 1666 4853 1666
1681 4797 1735 4853 te-

295 4900 432 4956 stantur:
455 4889 561 4952 «Inde
581 4911 643 4952 non
662 4891 755 4970 longe
777 4896 827 4953 661
846 4889 1039 4968 monticulus,
1061 4889 1115 4951 ubi
1134 4889 1287 4951 Dominus
1309 4887 1452 4951 66666111
1471 4907 1568 4968 orare,
1591 4895 1624 4950 61
1644 4910 1736 4970 appa·

294 4989 358 5052 ruit
379 4988 443 5050 illic
463 4988 590 5066 Moyses
605 4993 639 5050 et
651 4988 777 5049 Elias.»
799 4987 873 5048 Mox
894 4985 1132 5050 Constantinum
1154 4985 1317 5049 ecclesiam
1338 4985 1514 5048 extruxisse
1530 5005 1568 5048 ex
1581 4984 1650 5048 eius
1668 4985 1736 5048 6116
1849 4978 1850 4989 ’

296 5089 335 5150 61
355 5085 491 5148 Eusebio
522 5085 697 5164 conscripta
725 5085 827 5168 (Eleg.
850 5084 940 5148 Gens.
962 5105 987 5148 6.
1009 5087 1040 5167 9)
1062 5083 1284 5164 intelligimus:
1306 5083 1380 5163 quin
1402 5091 1522 5146 extaret
1550 5083 1736 5164 Hieronymi

297 5195 437 5267 tempore
459 5185 561 5268 (Nom.
582 5184 639 5246 loc.
661 5205 690 5246 6.
710 5187 740 5264 4,
761 5185 851 5246 11666
874 5184 1013 5267 0116611),
1033 5205 1095 5246 666
1117 5192 1167 5246 est
1188 5183 1324 5245 dubium.

378 5282 665 5361 ’Antiquissimum
685 5281 717 5343 in
740 5281 872 5344 ecclesia
894 5301 964 5344 6666
983 5283 1154 5361 palmarum
1174 5279 1299 5358 festum,
1321 5299 1360 5341 ex
1372 5279 1430 5342 hae
1448 5279 1658 5361 descriptione
1678 5282 1738 5344 661-

297 5380 423 5459 ligitur:
444 5399 627 5458 quamquam
647 5399 750 5440 rerum
770 5379 982 5458 liturgicarum
1003 5379 1098 5459 periti
1119 5399 1189 5440 eum
1210 5377 1302 5438 ritum
1323 5377 1404 5456 apud
1424 5376 1554 5440 Latinos
1578 5378 1737 5441 saeculum

300 5485 451 5554 octavum,
472 5475 555 5558 apud
575 5475 711 5540 Graecos
731 5475 871 5554 quintum
892 5476 1102 5538 antecessisse
1122 5475 1285 5554 negabant.
