4622 6572
749 734 792 779 nu
816 733 902 779 noes
925 732 1053 780 sanem
1075 735 1129 781 ru.
1155 737 1256 780 ass-aee
1681 711 1725 778 45

288 827 484 836 n———u——un

282 952 416 1025 bulare
448 973 534 1025 cum
575 951 727 1026 camelis
756 951 846 1043 suis,
885 953 993 1048 signa
1033 951 1107 1027 sibi
1146 955 1238 1028 loeis
1280 958 1320 1029 et
1363 953 1453 1028 locis
1481 955 1646 1049 ponent;
1677 953 1726 1027 ad

282 1101 380 1174 quae
408 1079 516 1174 signa
543 1100 583 1154 se
610 1079 783 1169 tendent,
813 1083 853 1153 et
881 1079 933 1154 sio
960 1080 1162 1153 ambulant
1189 1103 1256 1176 per
1294 1081 1406 1154 diem.
1440 1077 1561 1156 Nocte
1589 1083 1724 1154 autem

282 1205 390 1300 signa
417 1205 552 1279 cameli
579 1203 798 1278 attendunt.
819 1205 870 1278 Et
887 1205 978 1300 quid
997 1205 1131 1301 plural
1152 1206 1373 1302 diligentius
1392 1209 1432 1280 et
1451 1205 1618 1280 securius
1645 1205 1724 1278 iam

282 1331 322 1404 in
350 1351 395 1404 eo
420 1331 502 1404 loeo
522 1351 567 1404 ex
587 1330 862 1404 consuetudine
882 1329 1071 1404 faranitae
1091 1330 1293 1404 ambulant
1312 1333 1435 1421 noete,
1457 1353 1574 1425 quam
1606 1329 1726 1425 aliqui

281 1455 478 1530 hominum
508 1455 705 1528 ambulare
733 1456 861 1549 potest
876 1454 929 1526 in
957 1454 1003 1526 iis
1031 1454 1136 1545 loeis,
1165 1454 1232 1526 ubi
1259 1455 1324 1529 via
1352 1457 1486 1549 aperta
1505 1458 1575 1528 est.
1605 1454 1651 1526 In
1679 1475 1725 1528 eo

282 1602 371 1676 ergo
390 1580 474 1653 loeo
490 1580 534 1654 de
554 1580 821 1655 intermontes
842 1580 1029 1654 exivimus
1044 1579 1259 1671 redeuntes,
1276 1580 1317 1653 in
1336 1602 1411 1674 quo
1429 1580 1512 1654 loco
1532 1583 1572 1655 et
1590 1582 1725 1654 euntes

282 1707 383 1779 inter
411 1709 561 1780 montes
590 1705 892 1781 intraveramus:
923 1729 966 1780 ao
993 1705 1046 1778 sio
1073 1727 1163 1800 ergo
1183 1705 1407 1800 plicavimus
1436 1727 1505 1780 nos
1524 1705 1573 1778 ad
1600 1729 1718 1781 mare.

282 1832 369 1906 Filii
397 1832 515 1906 etiam
535 1831 653 1905 Israel
672 1835 908 1906 revertentes
936 1832 985 1904 ad
1014 1835 1184 1906 montem
1210 1832 1283 1906 Dei
1303 1831 1406 1927 Syna
1427 1833 1612 1928 usquead
1632 1856 1720 1908 eum

280 1958 406 2032 looum
425 1949 450 2049 ¹,
478 1957 621 2032 reversi
649 1960 741 2031 sunt
768 1979 836 2052 per
863 1957 940 2030 iter
968 1957 1069 2052 quod
1098 1957 1245 2032 ierant:
1275 1957 1314 2030 id
1342 1961 1400 2032 est
1427 1959 1615 2053 usquead
1634 1980 1723 2032 eurn

281 2083 418 2174 locum,
448 2083 515 2155 ubi
543 2082 588 2156 de
616 2083 895 2156 intermontes
924 2082 1123 2171 exivimus,
1152 2085 1192 2156 et
1211 2081 1402 2156 iunximus
1429 2106 1499 2158 nos
1527 2083 1652 2157 denuo
1674 2083 1724 2156 ad

281 2231 387 2282 mare
415 2209 587 2298 rubrum,
621 2211 660 2282 et
688 2208 776 2281 inde
795 2230 865 2280 nos
893 2209 970 2280 iam
989 2207 1063 2281 iter
1086 2210 1273 2299 nostrum,
1299 2231 1374 2304 quo
1402 2230 1641 2301 veneramus,
1661 2232 1720 2284 re-

284 2335 385 2410 versi
412 2356 565 2407 sumus:
596 2333 665 2406 filii
692 2336 826 2407 autern
853 2332 972 2438 lsrapl
1001 2333 1046 2407 de
1066 2334 1198 2408 eodem
1225 2311 1721 2430 loce,sieutscriptu1nest

282 2463 321 2535 in
335 2461 443 2534 libris
459 2461 600 2534 sanetis
618 2459 754 2556 Moysi,
771 2459 1067 2534 ambulaverunt
1086 2459 1160 2534 iter
1174 2482 1288 2532 suum
1303 2449 1328 2534 ².
1349 2459 1428 2534 Nos
1442 2463 1575 2536 autem
1589 2461 1723 2536 eodem

281 2587 420 2660 itinere
449 2590 489 2661 et
516 2585 657 2659 eisdem
687 2585 957 2676 mansionibus,
987 2585 1125 2680 quibus
1152 2585 1317 2659 ieramus
1350 2587 1494 2660 reversi
1522 2610 1652 2660 sumus
1681 2587 1722 2660 in

282 2711 431 2786 Olesma
444 2703 469 2786 ³.
485 2711 531 2784 In
546 2711 694 2784 Olesma
713 2714 843 2785 autem
862 2732 949 2784 eum
967 2711 1212 2801 venissemus,
1232 2733 1383 2786 neeesse
1401 2733 1469 2786 nos
1489 2712 1565 2786 fuit
1583 2712 1720 2804 denuo,

281 2917 375 2996 gitur,
396 2919 473 2980 mari
495 2919 586 2980 rubro
602 2925 634 2980 et
648 2919 802 2980 montibus
824 2919 945 2998 (Diebal
958 2919 1077 2998 el-Tib)
1100 2916 1283 2978 interclusa:
1305 2917 1335 2979 ei
1359 2937 1469 2979 nomen
1490 2925 1539 2980 est
1560 2918 1593 2981 in
1617 2917 1724 2979 Exodo

282 3017 438 3079 desertum
459 3017 527 3098 Sur,
549 3040 614 3098 cap.
634 3019 706 3096 XV,
727 3022 782 3097 223
803 3019 879 3080 item
899 3019 932 3078 in
952 3018 1043 3080 Num.
1065 3017 1226 3093 XXXIH,
1241 3018 1270 3095 8,
1289 3017 1447 3078 desertum
1462 3017 1583 3078 Ethan:
1604 3016 1643 3078 de
1665 3037 1724 3096 quo

282 3115 420 3177 triduum
440 3139 458 3179 a
478 3125 586 3180 nostra
605 3118 776 3197 Peregrina
795 3138 918 3179 emenso
938 3117 1010 3180 vide
1031 3117 1160 3179 Petrum
1178 3117 1265 3178 Diae.
1287 3115 1308 3175 l.
1329 3136 1356 3176 e.

365 3215 510 3278 ¹Verba:
533 3217 681 3278 «reversi
701 3225 775 3278 sunt
795 3237 851 3296 per
870 3217 932 3278 iter
952 3216 1034 3294 quod
1061 3216 1170 3291 ierant,
1191 3215 1224 3274 id
1246 3221 1296 3276 est
1315 3233 1413 3292 usque
1441 3213 1480 3276 ad
1501 3233 1571 3276 eum
1595 3216 1724 3276 locum»

285 3316 479 3377 amanuensis
501 3316 656 3393 omiserat,
679 3335 776 3392 eaque
796 3320 907 3394 postea
926 3314 958 3374 in
978 3313 1039 3374 fine
1059 3314 1200 3392 pagellae
1214 3313 1342 3374 minutis
1356 3313 1457 3374 literis
1476 3313 1682 3393 transmipsit.

363 3413 450 3474 ²Hie
469 3414 620 3474 asseritur
639 3412 721 3472 filios
741 3411 841 3473 Israel
857 3431 874 3473 e
888 3410 1054 3472 solitudine
1076 3410 1163 3470 Sinai
1176 3429 1319 3472 reversos
1331 3429 1400 3471 esse
1414 3431 1471 3489 per
1486 3410 1617 3472 eandem
1632 3412 1724 3490 viam,

283 3533 373 3589 quam
385 3518 547 3574 tenuerant
557 3531 654 3589 usque
666 3511 705 3571 ad
716 3512 795 3572 huno
804 3511 914 3585 locum,
923 3517 958 3570 ut
971 3509 1043 3570 inde
1053 3515 1196 3588 peterent
1209 3516 1324 3570 terram
1337 3509 1594 3586 repromissionis.
1611 3509 1673 3582 Qui
1684 3512 1726 3571 lo-

283 3629 337 3671 eus
352 3629 422 3670 esse
433 3609 558 3671 videtur
567 3610 599 3669 in
610 3609 735 3670 deserto
745 3610 871 3670 Pharan
887 3609 990 3690 (Num.
1001 3607 1042 3681 X,
1055 3609 1105 3686 12)
1117 3607 1168 3668 vel
1179 3605 1234 3667 Sin
1246 3607 1349 3686 (Num.
1361 3606 1522 3683 XXXIII,
1538 3609 1603 3687 36),
1618 3628 1725 3670 verum

283 3707 311 3767 si
325 3713 463 3768 nostram
477 3707 678 3784 Peregrinam
692 3727 898 3786 sequeremur,
912 3725 1008 3785 prope
1024 3713 1160 3766 montem
1173 3707 1493 3766 HumnraaFarooun
1514 3722 1581 3766 eam
1596 3705 1725 3768 mansio·

281 3825 352 3866 nem
367 3825 558 3884 poneremus.
579 3806 669 3866 Hane
690 3805 864 3884 opinionem
884 3825 944 3865 non
964 3824 1072 3883 parurn
1092 3802 1298 3865 contentionis
1319 3802 1538 3866 suscitaturam
1555 3804 1725 3884 perspicio,

283 3903 340 3965 sed
360 3913 470 3982 utpote
490 3904 666 3965 veneranda
687 3903 870 3980 antiquitate
891 3902 1050 3964 suffultam
1069 3921 1132 3962 non
1152 3901 1249 3963 audeo
1271 3899 1424 3963 refellere.

362 4002 514 4082 ³Olysma
534 4007 669 4064 castrum
690 4009 722 4063 et
741 4009 851 4080 portus
871 4001 905 4060 in
918 3999 978 4060 fine
995 4000 1080 4062 sinus
1095 3999 1333 4077 Heroopolitani
1348 3998 1441 4080 (Ptol.
1463 3999 1519 4078 IV,
1542 4001 1576 4078 53
1598 4000 1725 4063 Lucian.

282 4101 314 4162 in
327 4100 547 4164 Pseudomant.
569 4101 697 4162 (losmas
718 4100 869 4179 Indioopl.
885 4101 917 4161 in
930 4099 1131 4162 Montfaueon
1151 4099 1279 4160 Oolleet.
1299 4119 1330 4159 n.
1351 4100 1481 4160 Patrem
1496 4099 1531 4160 Τ.
1546 4099 1590 4176 11,
1611 4121 1640 4179 p.
1654 4101 1725 4178 194)

282 4199 398 4261 dietum
417 4207 527 4279 postea
547 4201 586 4261 ab
607 4200 721 4260 Arabis
742 4201 880 4277 Kolaum,
901 4200 993 4260 hodie
1021 4198 1108 4262 Saea.
1128 4197 1276 4261 Nonnulli
1305 4197 1444 4261 eamdem
1464 4198 1622 4260 civitatem
1645 4219 1724 4273 esse,

282 4319 318 4359 ae
345 4299 508 4376 Arsinoen,
537 4297 749 4358 adfirmarunt:
777 4297 833 4359 sed
860 4299 900 4359 ab
927 4317 964 4358 ea
987 4296 1238 4376 distinguendam
1266 4315 1336 4358 esse
1364 4295 1583 4358 animadvertit
1609 4298 1726 4376 primus

284 4397 436 4460 Gellarius
458 4399 514 4480 (Π,
535 4419 565 4476 p.
586 4398 668 4476 831).
691 4397 774 4458 Satis
796 4399 917 4459 abunde
938 4397 977 4459 de
998 4397 1156 4477 Clysmate
1177 4395 1347 4475 Peregrina
1366 4395 1465 4456 refert
1477 4395 1511 4456 in
1530 4397 1625 4457 Petro
1648 4395 1726 4474 diae,

282 4505 318 4558 ut
338 4496 419 4558 infra
438 4495 572 4574 videbis,
594 4497 720 4573 eiusque
743 4497 836 4558 situm
856 4497 890 4558 in
909 4498 976 4558 loeo
999 4497 1075 4560 Seraz
1095 4495 1262 4558 confirmat.
1289 4495 1369 4556 Nam
1395 4495 1430 4554 in
1455 4493 1516 4554 fine
1543 4495 1636 4556 maris
1658 4515 1725 4573 ery·

283 4595 365 4656 threi
386 4597 424 4655 ab
445 4615 482 4656 ea
502 4596 670 4656 eolloeatur
690 4594 729 4654 ad
749 4595 935 4674 quingentos
955 4615 1067 4674 passus
1088 4616 1105 4656 e
1125 4599 1230 4656 monte
1251 4613 1342 4656 senus
1366 4613 1449 4654 mare
1477 4593 1548 4670 sito,
1570 4593 1623 4671 qui
1644 4594 1725 4654 alius

285 4713 354 4755 esse
368 4701 659 4774 nonpotest,qua1n
672 4715 759 4757 mons
770 4695 899 4757 Albana.
910 4696 1045 4775 Propter
1055 4694 1136 4773 quod
1155 4695 1265 4756 seribit
1281 4693 1363 4755 filios
1384 4693 1485 4754 Israel
1503 4691 1542 4754 ad
1559 4709 1644 4753 mare
1659 4711 1726 4770 per·

283 4799 392 4870 gentes
413 4799 548 4855 montem
569 4794 721 4855 excelsum
741 4793 951 4855 imminentem
972 4794 1004 4854 in
1024 4814 1109 4855 mare
1132 4794 1280 4855 habuisse
1301 4791 1510 4854 dextrorsum:
1531 4791 1613 4869 quod
1633 4811 1727 4869 quum

283 4899 417 4954 montem
430 4895 549 4954 Albana
564 4893 679 4972 optime
694 4891 847 4972 designet,
864 4891 1000 4954 excludit
1014 4891 1135 4961 omnino
1157 4899 1291 4954 montem
1305 4889 1459 4970 Geaeffeb,
1474 4889 1527 4968 qui
1548 4889 1588 4950 ed
1603 4895 1729 4968 septen·

282 4992 414 5053 trionem
433 4991 571 5072 regionis
592 4997 738 5053 extensus
759 4991 824 5052 illis
843 4991 1035 5070 fugientibus
1056 4991 1271 5053 sinistrorsum
1294 4989 1471 5052 necessario
1493 5008 1562 5050 esse
1583 4987 1726 5048 debebat.

283 5089 363 5151 Nam
374 5109 469 5168 prope
482 5089 608 5168 Clysma
619 5087 700 5150 filios
711 5090 811 5150 Israel
821 5109 905 5149 mare
916 5090 1040 5150 rubrum
1051 5087 1203 5150 transisse
1215 5087 1332 5164 antiqui
1343 5085 1539 5148 consentiunt
1552 5084 1679 5167 (nusae.
1688 5083 1727 5145 de

283 5188 304 5248 l.
327 5195 358 5248 et
377 5207 408 5248 n.
428 5188 515 5248 hebr.
539 5187 578 5248 ad
595 5207 625 5248 v.
649 5187 843 5277 Beslospoiv3
865 5187 1055 5264 Philostorg.
1078 5186 1167 5247 'Eiet
1196 5185 1257 5264 HI,
1287 5205 1312 5246 e.
1334 5187 1368 5264 e;
1390 5183 1484 5262 Greg.
1506 5184 1619 5244 Turon.
1641 5181 1726 5242 Hist.

284 5283 474 5362 Frane.1,e.
492 5286 552 5364 10).
567 5285 742 5347 Antoninus
756 5306 796 5345 m.
813 5285 850 5365 (e.
866 5285 956 5365 XLI)
979 5305 995 5346 e
1017 5283 1102 5344 Sinai
1120 5283 1249 5363 Clysma
1262 5283 1384 5363 petivit,
1400 5289 1432 5344 et
1452 5281 1539 5344 venit
1559 5280 1599 5342 ad
1618 5281 1727 5359 ripam,

284 5381 339 5442 ubi
363 5383 554 5444 transierunt
575 5381 633 5442 filii
657 5382 768 5463 Israel,
794 5389 826 5445 et
851 5383 992 5444 exierunt
1020 5383 1058 5444 de
1083 5382 1171 5444 mari.
1192 5383 1274 5444 Item
1298 5401 1413 5460 omnes,
1442 5381 1494 5459 qui
1515 5380 1555 5441 de
1581 5379 1728 5458 Aegypto

285 5480 495 5559 egrediuntur,
516 5487 551 5541 ut
572 5478 611 5540 ad
627 5481 743 5542 Sinaim
757 5501 792 5543 se
805 5480 974 5560 conferant,
997 5480 1057 5542 iter
1076 5481 1192 5541 habent
1212 5501 1269 5561 per
1290 5481 1377 5543 Sues.
1399 5479 1651 5558 Quamquamres
1671 5496 1728 5556 per

286 5595 321 5641 ee
342 5579 442 5657 ipsam
461 5579 507 5640 ita
526 5584 623 5662 patet,
644 5585 680 5640 ut
695 5579 762 5663 jam
780 5600 837 5642 nos
852 5579 891 5641 de
906 5579 1064 5664 clysmate
1078 5579 1112 5642 in
1126 5577 1204 5640 soa
1225 5577 1287 5643 situ
1308 5578 1463 5662 ambigere
1482 5597 1543 5640 non
1562 5575 1727 5662 possimus,
