4604 6560
628 688 690 757 128
1212 709 1312 755 surm
1334 703 1473 756 nrioom

624 929 705 1026 peri
732 929 894 1025 prebent
921 927 1079 1002 victum.
1109 928 1155 1002 In
1174 929 1306 1003 eodem
1327 929 1476 1004 deserto
1496 932 1589 1003 sunt
1610 930 1765 1003 arbores
1793 928 1887 1004 folia
1914 929 1999 1004 lata
2025 932 2065 1005 et

623 1054 791 1129 rotunda
823 1054 937 1128 lactei
969 1053 1106 1128 coloris
1134 1058 1175 1129 et
1206 1054 1345 1129 melliti
1377 1057 1521 1151 saporis
1558 1043 1756 1146 habentes,
1786 1077 1897 1151 quae,
1924 1059 2065 1130 natura

624 1181 752 1276 fragili
783 1180 961 1253 manibus
994 1178 1255 1254 confricantur
1281 1183 1322 1255 et
1348 1180 1541 1255 eduntur:
1571 1182 1642 1256 hoc
1673 1203 1755 1256 esse
1782 1180 1859 1255 mel
1886 1181 2064 1257 silvestre

625 1305 775 1380 dicitur.
805 1304 954 1379 Ibidem
974 1307 1014 1378 et
1032 1304 1118 1378 fons
1137 1305 1260 1379 sancti
1279 1304 1461 1379 Iohannis
1479 1305 1679 1401 Baptistae
1700 1304 1917 1380 ostenditur
1939 1305 2065 1381 lucide

625 1455 725 1530 aqna
752 1430 904 1527 lapideo
932 1434 1129 1528 protectus
1156 1433 1273 1521 tecto,
1303 1432 1404 1506 calce
1432 1432 1584 1528 perlito.

705 1559 818 1649 (Per.)
852 1557 924 1644 Qui
950 1561 1083 1632 autem
1102 1557 1152 1632 ad
1168 1557 1373 1631 Iordanem
1392 1557 1447 1632 ire
1466 1559 1514 1632 ab
1534 1558 1743 1634 Ierusalem
1772 1557 1976 1652 desiderat,
2000 1580 2065 1654 per

626 1687 797 1758 montem
826 1684 967 1758 Oliveti
995 1681 1190 1757 descendit
1219 1673 1240 1756 ¹.
1720 1769 1721 1772 Ν

705 1809 854 1902 (Aaou.)
883 1803 917 1883 A
945 1811 1076 1883 monte
1102 1808 1242 1883 Oliveti
1271 1808 1443 1882 Christus
1472 1809 1643 1883 ascendit
1670 1808 1720 1882 ad
1746 1809 1908 1900 coelum,
1937 1813 1978 1884 et
2011 1810 2065 1884 ibi

625 1935 716 2010 fecit
729 1935 846 2009 Pater
859 1937 991 2008 noster
1003 1925 1027 2008 ².
1044 1933 1153 2007 Mons
1168 1935 1301 2006 autem
1321 1932 1425 2030 Syon
1444 1957 1467 2007 a
1486 1934 1645 2008 meridie
1664 1937 1735 2024 est,
1751 1934 1805 2007 ibi
1820 1933 1919 2008 obiit
1933 1937 2065 2010 sancta

624 2052 773 2134 Maria³
796 2063 836 2135 et
853 2061 909 2135 ibi
933 2060 1120 2134 Dominus
1148 2059 1328 2134 coenavit
1355 2082 1442 2134 cum
1470 2059 1663 2155 discipulis
1691 2059 1781 2150 suis,
1810 2063 1850 2134 et
1878 2059 1932 2133 ibi
1958 2061 2065 2134 misit

625 2185 810 2282 Spiritum
838 2189 1013 2260 sanctum
1042 2208 1154 2281 super
1182 2185 1397 2280 discipulos.
1427 2184 1472 2258 In
1500 2185 1656 2261 ecclesie
1683 2207 1787 2275 vero,
1817 2206 1916 2280 qnae
1940 2189 2002 2260 est
2025 2187 2064 2260 in

623 2309 841 2401 Bethleem,
865 2315 923 2386 est
954 2334 1097 2403 mensa,
1126 2312 1167 2385 in
1195 2334 1271 2406 qna
1304 2310 1468 2385 comedit
1500 2313 1634 2386 sancta
1661 2310 1783 2384 Maria
1816 2331 1903 2384 cum
1940 2311 2063 2386 tribus

623 2438 776 2532 regibus
804 2436 997 2511 Christum
1026 2437 1097 2512 Dei
1124 2436 1247 2510 filium
1274 2437 1574 2532 requirentibus.
1604 2436 1814 2510 Columnae
1842 2439 1934 2510 sunt
1960 2436 2064 2511 intus

623 2562 746 2657 ipsam
783 2561 979 2643 ecclesiam
1016 2563 1218 2657 sexaginta
1254 2561 1467 2656 quadtuor:
1498 2562 1552 2634 ibi
1579 2561 1825 2657 requiescunt
1860 2563 1970 2658 pueri
1997 2585 2063 2658 pro

625 2688 774 2762 Christo
803 2689 852 2762 ab
880 2689 1003 2763 Erode
1031 2688 1238 2763 interfecti.

708 2815 821 2905 (Per.)
851 2813 1118 2888 Fundamenta
1140 2837 1232 2890 vero
1252 2838 1450 2889 murorum
1470 2815 1576 2889 urbIs
1595 2806 1754 2905 Iericho,
1783 2835 1879 2911 quos
1907 2815 2063 2889 subver-

531 2966 539 3037 ᾗ
623 2940 676 3012 tit
695 2938 801 3012 Iesus
828 2937 930 3011 filius
957 2937 1079 3032 Nave,
1100 2938 1224 3012 adhuc
1243 2961 1289 3012 ex
1307 2942 1418 3034 parte
1436 2942 1585 3036 parent.
1605 2939 1730 3014 Arbor
1748 2961 1841 3014 vero
1861 2939 2063 3036 sycomori,

623 3064 664 3138 in
693 3087 769 3160 qua
796 3064 967 3139 ascendit
1004 3065 1182 3156 Zacheus,
1213 3068 1293 3140 stat
1321 3067 1433 3139 iuxta
1460 3066 1617 3141 domum
1653 3066 1761 3140 Raab
1781 3063 1805 3139 ⁴.
1835 3065 1924 3140 Non
1950 3067 2062 3162 longe

623 3193 754 3264 autem
781 3190 830 3263 ab
848 3190 995 3265 Iericho
1019 3193 1077 3264 est
1096 3191 1212 3281 locus,
1234 3191 1334 3265 unde
1353 3191 1455 3265 Elias
1482 3196 1618 3288 raptus
1637 3193 1695 3267 est
1713 3191 1754 3264 in
1781 3191 1918 3266 celum.
1940 3191 2061 3266 Prans

622 3313 823 3388 Iordanem
851 3336 943 3389 vero
971 3317 1063 3388 sunt
1090 3318 1241 3389 montes
1273 3315 1411 3390 excelsi
1442 3315 1565 3407 valde,
1593 3317 1697 3390 inter
1729 3337 1824 3411 quos
1853 3318 1913 3390 est
1944 3316 2061 3390 altior

506 3460 509 3482 ⁸
621 3462 734 3533 unus,
762 3440 827 3535 qni
855 3443 1015 3514 vocatur
1042 3439 1180 3514 Nabau
1193 3433 1218 3531 ⁵,
1237 3441 1278 3514 in
1298 3463 1373 3536 quo
1394 3441 1563 3516 ascendit
1591 3441 1753 3538 Moyses,
1782 3441 1935 3537 quando
1961 3440 2060 3517 vidit

511 3544 513 3553 ¹
622 3567 769 3639 terram
795 3563 1110 3660 repromissionis,
1137 3567 1178 3637 et
1205 3569 1382 3640 mortuus
1400 3570 1470 3640 est.
1491 3563 1650 3640 Gabaon
1677 3588 1755 3639 non
1782 3566 1895 3660 longe
1924 3568 1985 3640 est
2012 3564 2059 3637 ab

708 3878 779 3938 ¹Id
806 3899 844 3939 ex
874 3880 1045 3957 Peregrina
1076 3879 1294 3959 depromptum
1322 3900 1391 3942 esse
1419 3879 1551 3958 videtur,
1580 3901 1674 3958 quum
1702 3882 1741 3942 ab
1769 3879 1997 3959 Hierosolymis
2022 3877 2063 3940 ad

623 3977 782 4041 civitatem
802 3978 825 4038 J
827 3978 929 4039 ericho
950 3979 1125 4056 vallemque
1146 3979 1169 4039 J
1171 3978 1294 4040 ordauis
1314 3999 1445 4058 pergere
1466 3980 1640 4042 statuisset.

646 4157 650 4166 Ι
702 4075 714 4112 ²
734 4077 943 4155 Hieronymus
962 4077 996 4138 in
1015 4078 1128 4139 Matth.
1151 4078 1190 4158 (c.
1211 4077 1251 4155 V,
1271 4097 1300 4138 v.
1324 4079 1353 4156 1)
1376 4078 1485 4138 scribit
1504 4079 1669 4140 nonnullos
1690 4077 1912 4157 simplicIorum
1932 4077 2063 4140 fratrum

620 4183 732 4258 putare
755 4174 915 4237 Christum
928 4176 1150 4254 beatitudines,
1172 4182 1204 4237 et
1224 4196 1302 4254 qnae
1323 4184 1493 4254 sequuntur
1515 4176 1649 4257 (seilicet
1669 4178 1763 4239 etiam
1781 4177 1952 4238 orationem
1968 4179 2064 4238 Pater

621 4278 748 4356 noster),
769 4276 802 4336 in
823 4275 940 4337 Oliveti
960 4284 1064 4338 monte
1084 4275 1237 4337 docuisse.
1260 4275 1332 4352 Sed,
1353 4295 1446 4353 quum
1466 4276 1662 4356 perspicuum
1683 4277 1734 4354 sit,
1756 4283 1792 4336 ut
1812 4277 1905 4356 paulo
1933 4275 2063 4338 inierim

540 4380 542 4384 ’
621 4374 751 4450 videsis,
773 4376 977 4453 Peregrinam
997 4376 1089 4438 aliter
1104 4374 1251 4452 sensisse,
1269 4381 1301 4435 et
1314 4373 1473 4435 meliorem
1493 4381 1617 4454 patrum
1632 4375 1807 4454 opinionem
1828 4394 1899 4438 esse
1916 4382 2062 4453 secutam,

621 4473 698 4534 haec
719 4493 757 4534 ex
778 4475 931 4535 Anonimo
952 4474 1083 4552 quodam
1104 4473 1268 4554 desumpta
1289 4493 1359 4534 esse
1380 4473 1523 4534 arbitror.

701 4571 714 4608 ³
735 4570 826 4644 Quod
848 4571 990 4651 seqnitur
1010 4575 1049 4633 ad
1069 4573 1272 4651 Peregrinam
1302 4569 1442 4651 proiecto
1464 4592 1526 4633 non
1546 4579 1676 4652 spectat.
1706 4573 1791 4636 Nota
1812 4575 1907 4636 etiam
1926 4576 2063 4636 locorum

624 4668 845 4750 confusionem,
872 4673 905 4733 in
932 4693 1023 4749 quam
1042 4672 1157 4732 Petrus
1179 4672 1333 4732 Diaconus
1365 4670 1506 4749 offendit,
1527 4673 1599 4734 hinc
1630 4673 1703 4736 inde
1724 4681 1871 4754 excerpta
1890 4675 2061 4753 colligens.

702 4769 715 4804 ⁴
735 4770 783 4830 De
804 4777 913 4831 vetere
933 4771 1054 4832 Iericho
1076 4770 1216 4832 nonnihil
1237 4779 1400 4849 supererat
1422 4773 1545 4833 saeculo
1566 4771 1665 4850 primo
1686 4792 1717 4851 p.
1739 4771 1795 4834 Ch.
1814 4781 1851 4834 ut
1872 4794 1911 4834 ex
1930 4773 2062 4854 Iosepho

624 4866 714 4945 (Bell.
736 4866 756 4928 l.
777 4868 816 4943 V,
838 4888 863 4928 c.
884 4867 926 4946 4).
949 4868 1063 4928 Euseb.
1084 4868 1118 4927 in
1137 4868 1278 4929 Iericho:
1303 4891 1319 4924 r
1336 4867 1550 4929 Ostenduntur
1570 4869 1731 4947 utriusque
1756 4870 1843 4932 urbis
1873 4871 2003 4952 (veteris
2023 4876 2063 4934 ,et

621 4964 733 5044 novae)
754 4964 889 5042 vestigia
908 4985 1006 5042 usque
1026 4967 1059 5026 in
1079 4972 1277 5044 praesentem
1298 4963 1381 5026 diem
1393 4989 1421 5025 ›.
1443 4964 1505 5026 Sed
1526 4965 1559 5025 in
1578 4967 1687 5027 Itiner.
1709 4964 1806 5028 Burd.
1822 4968 1909 5028 nulla
1927 4966 2063 5046 vestigia

622 5063 760 5124 civitatis
781 5083 929 5142 apparere
950 5064 1102 5126 dicuntrr.
1114 5065 1249 5126 Tantum
1260 5064 1301 5126 de
1311 5064 1560 5127 reaedificatione
1570 5065 1781 5146 Hieronymus
1795 5067 1904 5129 scribit
1920 5067 2061 5148 (Peregr.

623 5182 648 5222 s.
660 5162 777 5223 Paulae
788 5164 816 5242 ξ.
832 5163 900 5242 14):
924 5186 939 5220 e
953 5163 1103 5242 Ingressa
1121 5163 1244 5224 Iericho
1265 5161 1347 5224 vidit
1366 5165 1483 5240 urbem,
1495 5184 1587 5242 qnam
1601 5163 1746 5228 fundavit
1759 5165 1834 5226 Hiel
1844 5166 1878 5226 in
1892 5164 2023 5226 Abiram
2034 5187 2061 5227 ι.

621 5259 711 5322 Idem
725 5261 841 5322 Anton.
862 5282 901 5322 m.
924 5283 989 5341 cap.
1005 5264 1059 5322 13:
1076 5286 1092 5320 ‹
1108 5263 1137 5323 A
1151 5269 1254 5324 terrae
1269 5267 1355 5323 motu
1368 5263 1447 5323 muri
1462 5263 1575 5323 diruti:
1599 5262 1710 5325 domus
1730 5263 1819 5326 Raab
1833 5271 1906 5342 stat,
1920 5285 1999 5343 quae
2013 5271 2062 5326 est

622 5357 884 5420 xenodochium».

702 5455 714 5490 ⁵
733 5457 782 5517 De
801 5463 905 5518 monte
926 5457 1036 5518 Nabuu
1051 5458 1165 5538 (versio
1179 5458 1299 5520 Graeca
1312 5478 1368 5537 pro
1389 5459 1501 5541 Nebo)‚
1516 5479 1606 5538 quem
1630 5466 1741 5540 postea
1755 5481 1780 5522 s.
1796 5461 1896 5524 Silvia
1909 5461 2062 5540 ascendit,

514 5535 516 5541 '
628 5553 701 5616 vide
721 5555 1006 5634 Peregrinationem
1026 5577 1096 5636 pag.
1119 5559 1156 5621 51
1179 5563 1212 5618 et
1230 5577 1315 5634 seqq.
