4622 6572
599 659 643 725 48
1094 683 1120 726 s.
1146 681 1551 730 s1nvrnnesanaarunrro

599 900 721 976 clivus
751 901 922 976 modicus
957 903 999 975 in
1031 901 1157 975 media
1194 903 1307 993 valle,
1336 902 1446 975 iuxta
1483 923 1597 997 quem
1636 900 1855 976 colliculum
1883 899 2049 975 fixerunt

599 1029 726 1100 eastra
753 1026 823 1099 filii
851 1026 991 1102 Israel:
1020 1050 1111 1102 nam
1130 1027 1191 1101 hic
1209 1029 1267 1102 est
1295 1027 1413 1118 locus,
1438 1027 1509 1100 ubi
1537 1030 1692 1122 accepta
1710 1029 1769 1101 est
1789 1028 1852 1102 lex
1872 1027 2046 1122 paschae.

549 1137 791 1251 boPithonal
813 1153 932 1228 etiam
951 1153 1100 1245 civitas,
1121 1177 1237 1249 quam
1257 1152 1555 1228 aedificaverunt
1573 1153 1644 1226 filii
1663 1153 1793 1244 Israel,
1816 1157 1969 1228 ostensa
1988 1155 2046 1228 est

599 1276 709 1351 nobis
743 1278 785 1350 in
820 1279 902 1373 ipso
930 1279 1088 1353 itinere:
1117 1279 1158 1351 in
1190 1299 1236 1352 eo
1271 1281 1404 1352 tamen
1440 1279 1522 1352 loco
1561 1279 1627 1351 ubi
1660 1279 1738 1351 iam
1773 1277 1867 1352 fines
1905 1278 2048 1374 Egypti

601 1403 844 1494 intravimus,
865 1404 1125 1500 relinquentes
1152 1406 1276 1477 terras
1297 1403 1573 1478 Saracenorum
1592 1395 1616 1477 2;
1646 1407 1796 1478 namet
1815 1403 1926 1499 ipsud
1946 1425 2046 1477 nunc

601 1528 769 1602 Phitona
782 1532 951 1604 castrum
971 1491 1228 1638 est'JHeroum
1241 1520 1255 1564 ³
1269 1533 1400 1604 autern
1415 1529 1562 1620 civitas,
1578 1552 1677 1625 quae
1692 1531 1767 1602 suit
1782 1529 1848 1603 illo
1863 1532 2048 1626 tempore,

602 1654 641 1727 id
669 1657 727 1728 est
755 1655 823 1728 ubi
850 1655 1015 1729 occurrit
1043 1655 1178 1751 Ioseph
1197 1657 1299 1752 patri
1319 1679 1388 1730 suo
1407 1656 1519 1731 Iacob
1549 1656 1731 1746 venienti,
1747 1655 1846 1730 sicut
1866 1655 2048 1750 scriptum

603 1782 664 1853 est
690 1779 732 1852 in
759 1780 857 1855 libro
886 1780 1052 1871 Genesis,
1082 1803 1183 1854 nunc
1211 1784 1269 1854 est
1301 1773 1447 1872 come⁴,
1476 1781 1541 1856 sad
1570 1782 1735 1876 grandia,
1765 1781 1867 1876 quod
1895 1802 1965 1854 nos
1994 1780 2049 1853 di·

547 1913 552 1924 '
604 1905 724 1980 cimus
743 1906 861 1980 vicus.
881 1904 982 1978 Nam
1000 1906 1080 2002 ipse
1099 1906 1205 1980 vicus
1226 1907 1421 1982 ecclesiam
1436 1906 1553 1981 habet
1572 1910 1614 1979 et
1627 1906 1863 1980 monasteria
1883 1905 2049 2001 plurima

605 2035 824 2105 sanctorum
843 2032 1138 2106 monachorum:
1168 2031 1227 2106 ad.
1246 2055 1344 2127 quae
1363 2033 1514 2127 singula
1532 2031 1698 2106 videnda
1718 2053 1870 2106 necesse
1887 2053 1958 2105 nos
1977 2030 2051 2103 luit
2087 2031 2090 2036 ‘

604 2157 659 2230 ibi
687 2157 912 2233 descendere
939 2157 1050 2230 iuxta
1078 2158 1404 2250 consuetudinem,
1435 2181 1551 2253 quarn
1585 2119 1945 2256 tenebamusbbllam
1973 2155 2049 2252 ipse

544 2305 578 2360 aa
606 2283 711 2358 vicus
739 2304 841 2356 nunc
860 2282 1076 2378 appellatur
1094 2282 1217 2358 Hero:
1238 2305 1337 2378 quae
1356 2287 1488 2357 tamen
1515 2284 1617 2359 Hero
1643 2283 1648 2374 Ι
1674 2307 1697 2356 a
1723 2285 1829 2357 terra
1856 2282 1959 2357 Iesse
1980 2281 2050 2354 mi·

606 2409 716 2484 liario
732 2409 810 2482 iam
829 2409 1085 2484 sextodecimo
1100 2412 1160 2484 est
1172 2401 1196 2500 ⁵,
1217 2432 1308 2482 nam
1326 2409 1366 2482 in
1385 2409 1523 2482 finibus
1538 2409 1682 2506 Egypti
1700 2399 1779 2483 est':
1796 2409 1902 2483 locus
1922 2410 2050 2482 autem

607 2535 687 2630 ipse
702 2535 796 2608 satis
815 2537 949 2630 gratus
969 2537 1038 2626 est,
1059 2559 1149 2608 nam
1167 2538 1209 2610 et
1227 2559 1313 2630 pars
1332 2536 1520 2630 quaedam
1539 2535 1707 2608 fluminis
1722 2532 1804 2608 Nili
1821 2534 1877 2607 ibi
1891 2533 2012 2608 currit
2024 2523 2048 2604 ⁶.

554 2643 664 2783 opAc
691 2661 862 2754 sicergo
890 2663 1074 2735 exeuntes
1103 2660 1150 2735 de
1177 2660 1279 2736 Hero
1298 2661 1535 2757 pervenimus
1564 2661 1612 2735 ad
1640 2660 1851 2750 civitatem,
1882 2681 1958 2755 que
1985 2681 2049 2753 ap·

608 2788 779 2884 pellatur
805 2785 960 2878 Arabia,
990 2809 1087 2881 quae
1123 2787 1182 2861 est
1209 2787 1344 2863 civitas
1380 2789 1420 2861 in
1456 2791 1561 2862 terra
1588 2787 1701 2862 Iesse.
1730 2786 1839 2860 Unde
1867 2786 2052 2880 scriptum

609 2915 671 2988 est
690 2911 828 2986 dixisse
846 2912 1086 2986 Pharaonem
1104 2913 1153 2986 ad
1172 2913 1327 3008 Ioseph:
1353 2917 1369 2949 “
1382 2913 1429 2986 In
1447 2913 1597 2988 meliori
1623 2917 1729 2988 terra
1747 2911 1890 3009 Egypti
1911 2911 2052 2986 colloca

612 3040 763 3134 patrem
790 3039 903 3109 tuum
940 3039 980 3110 et
1007 3035 1149 3112 iratres
1175 3039 1216 3111 in
1243 3038 1505 3130 terraIessen,
1525 3038 1689 3114 interra
1717 3031 1910 3112 Arabiae⁷
1935 3093 1968 3124 ,.

451 3183 580 3298 m
630 3159 651 3259 l
692 3161 749 3236 De
758 3159 902 3234 Arabia
916 3164 1049 3236 autem
1063 3163 1220 3238 civitate
1235 3167 1421 3258 quattuor
1435 3165 1543 3236 milia
1557 3185 1690 3260 passus
1705 3167 1796 3236 sunt
1810 3163 2019 3236 Ramessen
2028 3153 2052 3234 ⁸.

612 3288 692 3363 Nos
707 3290 851 3379 autern,
868 3288 913 3360 ut
926 3289 1142 3362 veniremus
1158 3289 1206 3362 ad
1221 3291 1458 3364 mansionem
1468 3291 1645 3380 Arabiae,
1656 3311 1723 3385 per
1740 3289 2059 3364 mediaRamesse

695 3565 844 3644 ¹Pithon,
866 3565 991 3643 Phitou,
1013 3566 1211 3643 septuaginta
1231 3565 1339 3632 Πειθώ.
1362 3566 1459 3627 Exod.
1481 3567 1507 3642 I,
1529 3569 1582 3627 11:
1607 3565 1948 3644 «Aedificaveruntque
1968 3567 2060 3627 urbes

612 3663 880 3725 tabernaculorum
893 3662 1049 3723 Pharaoni
1058 3663 1184 3724 Phitom
1196 3670 1227 3724 et
1238 3663 1410 3725 Ramessen
1422 3686 1450 3725 a.
1462 3663 1597 3725 Oansent
1607 3665 1669 3724 viri
1683 3663 1797 3724 eruditi
1809 3682 1879 3725 asae
1893 3663 2060 3752 Πάτουμον

612 3763 767 3824 Herodoti
789 3761 821 3842 (l.
842 3761 887 3840 11,
909 3781 935 3823 c.
958 3762 1039 3841 158),
1062 3782 1152 3839 quam
1172 3761 1418 3839 praeterlabetur
1437 3760 1524 3822 fossa
1545 3781 1563 3819 a
1583 3761 1668 3821 Neco
1684 3769 1717 3822 et
1730 3760 1825 3821 Dario
1848 3781 1887 3821 ox
1907 3761 2061 3822 Bubastio

612 3861 679 3922 Nili
700 3861 788 3922 alveo
809 3859 843 3920 in
863 3878 948 3920 mare
968 3859 1094 3919 rubrum
1114 3857 1261 3919 deducta:
1289 3858 1375 3919 euius
1402 3856 1506 3919 fossae
1535 3857 1628 3918 etiam
1651 3879 1733 3918 nunc
1759 3858 1897 3935 vestigia
1923 3862 2061 3920 manent.

579 4008 584 4015 .
614 3958 715 4031 Quam
729 3959 768 4018 ob
781 3977 847 4017 rem
862 3957 889 4018 si
903 3957 1029 4017 Phitom
1042 3977 1104 4016 non
1118 3957 1208 4034 longe
1223 3979 1241 4016 a
1260 3956 1328 4016 loco
1348 3958 1645 4018 Tell-cl-Mascbutu
1658 3957 1855 4035 collocemus,
1867 3957 1923 4017 ubi
1938 3963 2064 4036 reperta

615 4063 664 4119 est
683 4055 846 4134 inscriptio
866 4055 1007 4132 miliaria,
1029 4054 1068 4116 de
1089 4076 1149 4132 qua
1170 4056 1322 4134 superius,
1344 4075 1400 4116 noa
1421 4057 1454 4116 in
1476 4075 1580 4117 errore
1601 4056 1721 4117 versari
1741 4075 1803 4116 non
1824 4055 2023 4117 arbitremur.

696 4155 899 4216 ²Traieoerat
912 4161 1011 4214 terras
1029 4153 1255 4230 Saracenorum,
1272 4154 1430 4214 desertum
1443 4155 1588 4230 Arabiae,
1604 4176 1621 4216 e
1638 4154 1764 4234 Clysma
1778 4153 1818 4214 ad
1831 4153 1969 4232 Phitom,
1986 4172 2065 4231 quae

615 4255 654 4315 ab
667 4253 826 4315 Herodoto
843 4253 877 4333 (l.
887 4253 926 4331 o.)
939 4252 1023 4313 dicta
1033 4259 1081 4313 est
1092 4251 1203 4313 civitas
1217 4252 1361 4328 Arabiae,
1377 4257 1411 4312 ut
1434 4255 1527 4342 νόμον
1542 4252 1818 4331 Heroopolitanum
1832 4251 2060 4328 ingrederetur.

696 4351 708 4386 ³
721 4353 860 4413 Heroum
880 4352 1000 4430 civitas,
1023 4358 1143 4442 Ἠρῶων
1156 4353 1255 4434 πολίς,
1268 4351 1354 4410 iuxta
1366 4372 1466 4429 quam,
1480 4359 1516 4412 ut
1529 4351 1562 4412 in
1576 4351 1781 4431 Septuaginta
1793 4353 1920 4430 legitur,
1943 4350 1966 4411 J
1967 4350 2064 4429 oseph

616 4449 739 4512 obviam
766 4451 826 4512 ivit
851 4451 934 4530 patri
961 4470 1016 4510 suo
1040 4486 1077 4494 -
1098 4449 1162 4514 >aad
1196 4450 1392 4541 Ἠρωώπολιν
1422 4457 1462 4526 εἰς
1494 4461 1555 4541 γῆν
1580 4453 1880 4542 Pupsccfflextum
1894 4456 1999 4510 autem
2013 4449 2064 4510 he·

615 4551 741 4612 braeum
761 4555 793 4612 et
812 4549 940 4626 vulgata
960 4554 1080 4608 tantum
1101 4547 1230 4611 habent:
1254 4556 1459 4611 «occurreret
1478 4549 1512 4610 in
1532 4550 1655 4614 Gesseu
1676 4552 1740 4632 (vel
1761 4551 1938 4632 Goeschen)
1955 4573 1983 4612 ›.

698 4645 800 4708 ⁴00d.
822 4665 941 4708 comes:
962 4667 1009 4724 gr.
1031 4645 1133 4735 κώμη.

698 4745 710 4782 ⁵
724 4746 946 4806 ExItinerario
960 4745 1109 4806 Antonini
1125 4745 1238 4806 scimus
1253 4743 1352 4808 fuisse
1366 4748 1463 4808 millia
1477 4747 1650 4810 LXVIIIa
1670 4748 1828 4828 Clysmate
1843 4748 1883 4809 ad
1898 4747 2069 4828 Heroopo-

618 4846 683 4924 lim,
695 4865 776 4906 nunc
788 4843 886 4905 millia
896 4845 977 4904 XVI
990 4863 1063 4906 esse
1072 4846 1111 4905 ab
1121 4845 1289 4924 Heroopoh'
1301 4845 1341 4906 ad
1352 4853 1466 4908 terram
1485 4847 1616 4924 Geasen,
1638 4869 1715 4926 quae
1729 4868 1785 4926 pro
1800 4845 1929 4908 civitate
1947 4845 2069 4907 Arabia

619 4950 703 5006 recte
723 4943 859 5021 intelligi
878 4949 995 5020 potest:
1017 4961 1110 5020 quara
1132 4965 1150 5004 a
1171 4943 1329 5022 Olysmate
1350 4944 1391 5006 ad
1411 4946 1560 5010 Arabiam
1580 4947 1679 5008 millia
1700 4945 1827 5008 fuerunt
1855 4945 2069 5024 LXXXIIII,

620 5047 764 5118 quattuor
783 5039 991 5101 mansionibus
1014 5039 1055 5119 (v.
1070 5060 1171 5118 supra,
1192 5062 1222 5118 p.
1244 5043 1284 5101 46
1305 5049 1380 5103 nota
1400 5043 1431 5124 ὅ)
1454 5050 1606 5123 separata.

702 5135 815 5208 6Ωοοο
834 5135 900 5196 Nili
919 5135 1054 5197 fluminis
1068 5139 1163 5215 pars?
1183 5136 1329 5200 Profecto
1341 5140 1439 5201 amnis
1455 5141 1609 5202 Traiania
1623 5142 1784 5222 Babylone
1805 5141 1845 5202 ad
1864 5139 2071 5220 Heroopolim

623 5236 782 5311 deductus,
803 5233 842 5296 da
863 5254 923 5310 qno
942 5234 1140 5297 Ptolomaeus
1160 5236 1181 5296 1.
1202 5235 1259 5315 IV,
1281 5257 1306 5298 e.
1319 5237 1348 5300 ὅ.
1371 5240 1592 5328 Ἠρωώνπολις,
1610 5233 1644 5307 δι’
1670 5238 1706 5318 ἧς
1726 5242 1780 5306 καὶ
1803 5244 1989 5326 Βαβυλῶνος
2013 5243 2072 5308 πό-

623 5341 701 5410 λεως
725 5341 876 5422 Τραϊανοῦ
900 5335 1040 5422 ποταμὸς
1066 5339 1116 5424 ῥεῖ.

704 5431 716 5467 ⁷
729 5432 879 5508 Vulgata:
896 5431 956 5492 ‹in
968 5439 1083 5493 terram
1096 5433 1218 5496 Gessen
1227 5457 1259 5514 νς
1272 5436 1328 5498 sad
1339 5436 1555 5516 Septuaginta:
1573 5461 1589 5496 ο
1604 5444 1635 5506 ἑν
1658 5451 1700 5530 γῇ
1726 5436 1815 5503 Γεσὲν
1841 5438 1994 5526 Ἀραβίας
2007 5462 2041 5502 ν.

706 5528 718 5565 ⁸
734 5528 888 5601 Quattuor
908 5530 1005 5592 millia
1025 5537 1186 5609 antequam
1205 5534 1354 5596 Arabiam
1373 5536 1560 5617 perveniret,
1577 5537 1739 5600 duodecim
1753 5537 1792 5598 ab
1805 5536 1989 5616 Heroopoli.
