4604 6560
747 613 901 691 abacos
925 642 1052 690 sarcre
1074 642 1129 690 ar.
1153 645 1255 689 asa-res
1375 621 1381 628 '
1673 621 1716 688 83

283 866 354 938 aut
380 863 420 936 in
447 863 657 954 Bethleem,
678 863 911 958 superfluum
930 863 1006 937 fuit
1023 863 1148 938 scribi.
1176 863 1250 937 Ubi
1269 865 1378 939 extra
1397 887 1535 937 aurum
1554 868 1595 939 et
1614 882 1716 958 gem·

283 1011 366 1062 mas
386 989 456 1061 aut
473 987 596 1081 sirice,
625 988 720 1061 nihil
739 987 846 1061 aliud
865 986 990 1062 vides:
1011 1011 1101 1061 nam
1119 988 1151 1062 si
1173 987 1255 1062 vela
1275 987 1392 1078 vides,
1414 988 1619 1062 auroclav'a
1640 986 1719 1061 olo·

284 1113 404 1188 serica
418 1117 531 1202 sunt;
551 1113 583 1188 si
601 1117 768 1188 cortinas
789 1113 904 1202 vides,
925 1113 1103 1187 similiter
1131 1113 1359 1188 auroclavae
1388 1113 1592 1188 olosericae
1617 1114 1721 1186 sunt.

285 1231 566 1314 Ministerium¹
597 1242 740 1329 autem,
774 1259 885 1312 omne
916 1259 1048 1332 genus,
1076 1261 1236 1313 aureum
1264 1241 1500 1334 gemmatum
1527 1237 1723 1332 profertur

285 1363 353 1440 illa
381 1363 452 1438 dia.
479 1363 671 1439 Numerus
699 1368 832 1440 autem
858 1367 920 1442 vel
950 1365 1174 1463 ponderatio
1203 1363 1249 1438 de
1277 1363 1476 1452 ceriolalis‚
1512 1363 1575 1438 vel
1610 1361 1723 1436 cicin-

288 1487 382 1564 delis
394 1479 419 1579 ²,
449 1492 519 1564 eut
535 1489 712 1574 lucernis,
733 1491 794 1566 vel
814 1491 961 1566 diverso
981 1489 1204 1577 ministerio,
1224 1486 1411 1583 numquid
1429 1487 1491 1562 vel
1510 1485 1722 1562 existimari

288 1616 360 1688 aut
377 1613 490 1690 scribi
508 1614 660 1708 potestl
679 1613 780 1688 Nam
798 1615 890 1710 quid
909 1615 1031 1690 dicem
1051 1614 1097 1688 de
1117 1615 1256 1687 ornatu
1275 1612 1442 1687 fabricae
1461 1611 1588 1708 ipsius,
1604 1634 1721 1707 quam

289 1737 562 1816 Constantinus
589 1740 660 1813 sub
688 1739 880 1834 presentia
906 1741 1041 1814 matris
1061 1760 1152 1813 suae
1166 1729 1191 1830 ³,
1212 1738 1252 1811 in
1271 1740 1458 1833 quantum
1487 1737 1587 1812 vires
1616 1736 1724 1832 regni

290 1863 348 1938 sui
376 1865 523 1951 babuit,
552 1863 758 1939 honoravit
785 1887 891 1954 auro,
920 1864 1081 1954 musivo,
1102 1867 1143 1939 et
1170 1885 1359 1938 marmore
1377 1863 1544 1959 pretioso
1563 1866 1646 1937 tam
1664 1884 1725 1938 ec·

291 1987 441 2062 clesiam
458 1990 652 2080 maiorem,
673 2012 787 2084 quam
808 1989 1040 2080 Anastasia,
1060 1989 1123 2065 vel
1142 1988 1191 2062 ad
1209 1987 1367 2064 Crucem
1375 1979 1400 2078 ⁴,
1417 1989 1480 2064 vel
1497 1991 1624 2063 cetera
1644 1988 1727 2064 loca

292 2115 425 2188 sancta
452 2113 493 2187 in
519 2113 772 2189 Ierusolima‘l.
792 2112 864 2187 Sed
893 2116 939 2189 ut
965 2113 1164 2190 redeamus
1192 2113 1240 2187 ad
1267 2135 1362 2205 rem,
1394 2111 1440 2186 fit
1476 2133 1566 2209 ergo
1602 2111 1727 2209 prima

293 2239 498 2314 diemissa
525 2239 566 2312 in
593 2238 748 2314 ecclesia
776 2238 933 2329 maiore,
962 2259 1061 2334 quae
1089 2241 1148 2314 est
1175 2239 1215 2311 in
1243 2237 1446 2333 Golgotha.
1472 2237 1523 2310 Et
1546 2239 1728 2333 quonlam

294 2363 386 2438 dum
412 2363 620 2459 predicant,
649 2362 712 2438 vel
738 2363 867 2458 legent
894 2363 1064 2458 singulas
1091 2363 1284 2452 lectiones,
1317 2363 1380 2438 vel
1417 2363 1549 2438 dicunt
1576 2386 1725 2460 ymnos,

297 2489 425 2562 omnia
451 2493 585 2565 tamen
612 2490 711 2583 apta·
731 2487 803 2584 ipsi
831 2487 939 2562 dieit'
959 2491 999 2562 et
1026 2487 1114 2578 inde
1142 2485 1386 2583 postmodum
1414 2508 1502 2562 oum
1531 2487 1644 2563 missa
1672 2509 1731 2563 ec·

296 2615 432 2690 clasiae
459 2613 563 2688 facta
590 2612 720 2703 fuerit,
749 2611 855 2686 hitur
883 2633 970 2687 cum
997 2611 1124 2707 ymnis
1152 2610 1201 2684 ad
1229 2611 1462 2702 anastasim,
1496 2605 1605 2686 iuxta
1642 2634 1731 2687 con·

297 2739 560 2815 suetudinem:
590 2760 634 2812 ac
661 2739 714 2812 sic
741 2736 786 2824 fit
812 2737 928 2811 missa
955 2737 1117 2811 forsitan
1135 2740 1244 2812 sexta
1263 2736 1368 2810 hora.
1388 2737 1478 2831 Ipsa
1506 2739 1637 2812 autem
1657 2737 1730 2828 die,

298 2864 473 2940 similiter
500 2865 541 2938 et
568 2862 616 2936 ad
638 2861 837 2937 lucernare
855 2862 964 2936 iuxta
983 2860 1297 2936 consuetudinem
1317 2861 1549 2936 cotidianam
1568 2860 1625 2937 fit.
1645 2861 1733 2935 Alia

300 2987 423 3063 denuo
452 2985 512 3061 die
539 2985 716 3060 similiter
743 2985 784 3058 in
812 2986 893 3080 ipsa
920 2985 1078 3061 ecclesia
1105 2985 1324 3081 proceditur
1351 2986 1391 3058 in
1420 2984 1621 3082 Golgotha.
1652 2983 1733 3062 Hoc

273 3119 276 3126 '
300 3111 400 3186 idern
413 3113 460 3184 'et
478 3110 596 3188 tertia
615 3109 696 3182 die:
715 3131 783 3204 per
800 3107 929 3182 triduo
948 3129 1038 3204 ergo
1057 3131 1123 3204 per
1141 3107 1315 3184 homines
1335 3108 1487 3184 laetitia
1506 3110 1545 3182 in
1566 3109 1737 3198 ecclesia,

301 3259 416 3331 quam
443 3233 534 3309 fecit
561 3232 847 3322 Constantinus
876 3232 1093 3308 celebratur
1123 3231 1308 3328 usquead
1328 3235 1487 3307 sextam.
1509 3233 1654 3320 Quarta
1675 3233 1736 3309 die

301 3359 343 3434 in
368 3359 524 3450 Eleona,
552 3357 592 3432 id
619 3362 679 3434 est
704 3358 745 3431 in
772 3359 939 3449 ecclesia,
960 3362 1135 3454 quaeest
1162 3360 1201 3431 in
1229 3360 1360 3432 monte
1385 3357 1518 3434 oliveti
1533 3351 1558 3450 ⁵,
1579 3360 1739 3456 pulchra

302 3483 408 3576 satis,
437 3484 614 3559 similiter
641 3483 769 3558 omnia
796 3483 854 3557 ita
881 3486 1079 3574 ornantur,
1107 3486 1148 3557 et
1175 3484 1232 3558 ita
1250 3483 1493 3558 celebrantur
1512 3485 1576 3559 ibi.
1597 3484 1740 3571 Quinta
1857 3512 1863 3525 ι

305 3609 365 3685 die
384 3610 422 3684 in
442 3609 614 3700 Lazariu,
635 3609 737 3706 quod
756 3612 815 3684 est
834 3609 882 3682 ab
901 3608 1128 3684 Ierusolima
1147 3608 1308 3683 forsitan
1328 3610 1378 3684 ad
1391 3610 1497 3683 mille
1511 3610 1740 3707 quingentos

386 3978 397 4015 ¹
418 3977 627 4041 Ministerium
648 3976 802 4056 significat
823 3995 944 4039 omnem
965 3977 1116 4039 ecclesiae
1136 3977 1361 4057 supellectilem
1382 3997 1510 4040 sacram.
1538 3979 1655 4040 Concil.
1676 3979 1744 4042 Va-

307 4077 381 4142 lent.
401 4077 454 4138 ΠΙ
475 4077 556 4158 (ann.
577 4076 649 4157 855)
670 4096 737 4155 cap.
759 4078 814 4137 10:
836 4075 1053 4155 «Thesaurus,
1074 4076 1142 4138 sive
1163 4075 1377 4154 ministerium,
1397 4077 1448 4139 vel
1463 4085 1675 4140 ornamentum
1696 4097 1745 4142 ee·

308 4175 472 4238 etesiarum
483 4196 510 4236 a.

387 4269 400 4307 ²
422 4271 590 4348 Cicindela,
611 4289 709 4352 genus
729 4269 891 4351 lampadis,
912 4270 963 4333 vel
982 4291 1080 4351 parva
1100 4271 1227 4350 lampas,
1249 4270 1289 4333 de
1304 4291 1365 4350 qua
1378 4271 1526 4334 Zaoaaria
1539 4271 1573 4334 in
1588 4271 1746 4336 Onomast.

309 4369 374 4432 Bit.
395 4368 436 4430 ad
456 4389 487 4430 v.

389 4467 551 4544 ³Helena,
574 4467 770 4528 Constantini
790 4474 898 4548 mater,
919 4475 1083 4548 postquam
1103 4489 1224 4544 erucem
1251 4468 1385 4547 Domini,
1414 4475 1450 4530 ut
1476 4468 1586 4547 fertur,
1617 4469 1747 4550 invenit,

312 4565 451 4628 aedificia
464 4585 552 4628 sacra
564 4565 597 4626 in
611 4565 767 4645 Golgotha
779 4573 903 4645 praeter
917 4567 1089 4646 opinionem
1103 4567 1257 4629 mirabilia
1270 4569 1426 4646 excitavit,
1441 4569 1497 4632 sed
1513 4589 1617 4632 eorum
1631 4570 1749 4632 formae

313 4662 517 4726 delineandae
532 4662 801 4742 fundamentisque
815 4665 965 4727 iaciendis
978 4665 1168 4728 solummodo
1189 4665 1298 4746 adfuit,
1319 4687 1389 4728 nam
1404 4688 1481 4729 anno
1500 4669 1643 4746 sequenti
1664 4669 1748 4750 (328)

314 4782 331 4823 e
351 4763 417 4825 vita
436 4762 592 4841 migravit.

391 4861 405 4896 ⁴
424 4859 477 4920 Ad
498 4860 627 4922 Crucem
640 4861 695 4952 ¹bio
714 4867 880 4940 usurpatur
900 4882 955 4941 pro
975 4861 1114 4940 basilica,
1135 4863 1188 4924 ubi
1210 4871 1277 4925 erat
1297 4864 1397 4926 crucis
1425 4865 1609 4928 cubiculum.

392 4957 404 4994 ⁵
425 4958 566 5020 Ecclesia
585 4959 618 5020 in
639 4959 764 5036 Eleona,
786 4959 906 5022 scilicet
925 4960 957 5020 in
977 4968 1081 5022 monte
1097 4961 1222 5038 Oliveti,
1238 4963 1276 5024 ab
1290 4963 1410 5024 Helena
1424 4970 1456 5024 et
1471 4963 1672 5026 Constantino
1687 4963 1751 5025 filio

314 5063 498 5133 constructa,
518 5077 580 5117 non
600 5057 802 5119 Ascensionis
823 5057 932 5134 locum,
955 5066 990 5118 ut
1010 5059 1103 5136 vulgo
1124 5067 1261 5138 putatur,
1291 5060 1348 5120 sed
1374 5061 1552 5138 speluncam
1572 5063 1753 5140 complecte-

314 5157 414 5232 batur,
429 5156 462 5217 in
475 5177 536 5235 qua
548 5157 698 5218 Dominus
712 5177 781 5218 cum
794 5157 944 5234 apostolis
959 5157 1025 5219 suis
1037 5159 1222 5219 considerat.
1236 5158 1309 5219 Itin.
1324 5159 1471 5238 Burdig.:
1488 5159 1594 5221 «Inde
1609 5160 1754 5222 ascendis

317 5253 350 5314 in
370 5261 505 5318 montem
527 5253 653 5333 oliveti,
674 5255 728 5316 ubi
747 5255 900 5316 Dominus
922 5261 993 5317 ante
1013 5255 1190 5335 passionem
1209 5255 1381 5336 discipulos
1392 5277 1465 5320 euos
1478 5258 1593 5320 docuit.
1607 5258 1658 5320 Ibi
1672 5257 1755 5320 facta

319 5359 368 5414 est
387 5351 475 5415 iussu
496 5350 692 5417 Constantini
712 5352 843 5415 basilica
862 5352 958 5414 mirae
978 5351 1217 5432 pulchritudinis
1230 5376 1257 5414 ›.
