4604 6560
615 653 662 718 476
1111 671 1138 714 s.
1162 671 1294 716 sruvrsu
1316 672 1564 720 renuunturrro

618 890 688 962 aut
716 889 796 986 ipse
822 909 999 983 praesens
1014 879 1038 979 ¹,
1057 888 1090 962 si
1108 887 1211 964 Deus
1231 889 1349 966 fuerit
1375 893 1570 985 praestare
1598 891 1789 988 dignatus,
1818 894 1972 967 vestrae
1999 891 2055 964 ai-

618 1013 775 1089 fectioni
801 1011 984 1103 referam;
1014 1014 1084 1086 aut
1111 1015 1227 1106 certe,
1255 1016 1288 1088 si
1316 1015 1420 1089 aliud
1450 1016 1578 1089 animo
1606 1015 1759 1108 sederit,
1778 1015 1941 1111 scriptis
1959 1039 2056 1090 nun·

618 1139 724 1214 tiabo
742 1131 768 1215 ².
797 1139 873 1215 Vos
909 1142 1077 1233 tentum,
1117 1141 1305 1232 dominae,
1333 1142 1464 1217 lumen
1491 1163 1631 1231 meum,
1661 1164 1847 1216 memores
1875 1141 1952 1215 mei
1979 1163 2058 1216 esse

619 1263 842 1360 dignamini,
871 1264 1019 1340 sivein
1047 1286 1202 1360 corpore
1229 1266 1310 1341 sive
1337 1266 1415 1338 iam
1443 1271 1554 1341 extra
1582 1288 1717 1361 corpus
1745 1266 1866 1340 fuero.

699 1389 754 1463 Ut
780 1392 913 1464 autem
939 1390 1054 1464 sciret
1080 1389 1230 1464 affectio
1258 1393 1399 1482 vestra,
1429 1413 1527 1486 quae
1546 1391 1719 1486 operatio
1738 1391 1898 1486 singulis
1924 1389 2057 1463 diebus

619 1514 760 1590 cotidie
779 1516 819 1588 in
838 1515 930 1588 louis
949 1516 1091 1589 sanctis
1118 1515 1450 1607 hebetur,·certas
1478 1538 1546 1592 vos
1573 1516 1699 1593 facere
1733 1507 1895 1604 debui³3
1926 1516 2056 1606 sciens,

620 1641 712 1737 quia
739 1640 906 1716 libenter
929 1639 1121 1715 haberetis
1140 1640 1234 1715 haec
1252 1662 1488 1736 cognoscere.
1504 1641 1605 1716 Nam
1623 1641 1783 1737 singulis
1801 1641 1949 1732 diebus,
1969 1643 2058 1715 ante

619 1766 815 1862 pullorum
843 1768 1012 1857 cantum,
1033 1765 1260 1861 aperiuntur
1279 1767 1407 1840 omnia
1426 1767 1554 1841 hostia
1575 1765 1780 1864 ,Anastasis
1794 1759 1819 1857 ⁴,
1840 1769 1881 1840 et
1909 1765 2057 1840 descen·

621 1891 714 1966 dent
741 1912 872 1966 omues
899 1893 1147 1964 monazontes
1175 1893 1216 1966 et
1247 1892 1469 1986 parthenos,
1507 1895 1553 1966 ut
1589 1893 1650 1968 hic
1677 1893 1838 1968 dicimus
1852 1883 1886 1980 ⁵;
1917 1894 1958 1966 et
1983 1913 2059 1964 nou

620 2015 744 2091 solum
763 2016 829 2107 hii,
849 2016 915 2090 sed
934 2020 975 2091 et
992 2015 1079 2090 laici
1099 2019 1283 2111 preterea,
1303 2017 1377 2090 viri
1391 2020 1461 2090 aut
1479 2017 1668 2107 mulieres,
1689 2016 1755 2112 qui
1772 2019 1906 2090 tamen
1921 2016 2058 2092 volunt

621 2142 811 2214 maturius
839 2140 1011 2236 vigilare.
1040 2141 1091 2214 nt
1118 2163 1165 2215 ex
1192 2162 1238 2214 ea
1264 2141 1359 2214 hora
1382 2144 1560 2236 usquein
1579 2142 1703 2218 lucem
1730 2141 1914 2216 dicuntur
1940 2141 2057 2237 ymni,

603 2268 662 2339 ‘et
688 2265 824 2361 psalmi
853 2265 1138 2360 respenduntur
1150 2286 1160 2354 ;
1188 2265 1367 2368 similiter
1393 2269 1434 2342 et
1452 2266 1705 2362 antiphonae:
1726 2269 1766 2340 et
1784 2269 1872 2341 cata
1890 2266 2059 2360 singulos

622 2413 757 2488 ymnos
784 2390 830 2464 fit
857 2391 982 2465 oratio
995 2381 1021 2464 ⁶.
1049 2389 1151 2463 Nam
1178 2385 1378 2485 presbiteri
1396 2390 1478 2464 bini
1496 2392 1557 2466 vel
1576 2393 1690 2482 terni,
1710 2391 1887 2465 similiter
1914 2393 1955 2465 et
1983 2390 2061 2464 dia·

622 2537 746 2608 conss,
775 2516 933 2611 singulis
963 2515 1095 2590 diebus
1121 2514 1223 2590 vicos
1250 2515 1395 2589 habent
1427 2515 1542 2588 simul
1577 2537 1665 2590 cum
1699 2517 1962 2607 monazontes,
1995 2513 2060 2610 qui

623 2643 711 2716 cata
738 2641 907 2736 singulos
934 2662 1070 2738 ymnos
1101 2640 1161 2714 vel
1188 2640 1418 2736 antiphonas
1446 2641 1639 2716 orationes
1663 2641 1806 2716 dicunt.
1827 2641 1911 2716 Iam
1931 2644 2062 2716 autem

560 2776 597 2833 se
623 2767 690 2841 ubi
708 2765 851 2863 ceperit
869 2767 1069 2857 lucescere,
1090 2756 1094 2866 l
1114 2767 1207 2840 tunc
1226 2765 1414 2860 incipiunt
1431 2768 1644 2841 matutinos
1662 2790 1798 2864 ymnos
1818 2767 1952 2842 dicere.
1969 2765 2063 2840 Ecce

706 3134 781 3197 ¹Ita
800 3135 906 3197 codex.
926 3135 1002 3214 Ipsa
1021 3151 1168 3213 praesens
1188 3138 1261 3211 post
1280 3130 1415 3193 reditum
1434 3131 1470 3193 in
1488 3131 1629 3211 patriam.

704 3231 716 3268 ²
729 3233 760 3294 N
761 3253 800 3295 ou
820 3233 910 3294 modo
927 3232 1002 3295 novi
1012 3230 1136 3292 itineris
1149 3230 1355 3291 narrationem
1369 3230 1495 3310 scriptis
1508 3229 1674 3308 nuntiabit,
1689 3229 1745 3292 sed
1759 3229 1845 3292 aliud
1858 3229 1963 3307 etiam,
1984 3227 2066 3307 quod

622 3351 729 3395 secum
748 3331 818 3413 ipsa
837 3330 995 3407 voluterit,
1015 3329 1055 3391 ad
1077 3327 1318 3390 aedificationem
1340 3347 1486 3389 sororum.

704 3431 717 3470 ³
736 3431 852 3510 Incipit
872 3427 1041 3490 declaratio
1055 3425 1169 3488 rituum
1184 3434 1216 3488 et
1230 3426 1493 3504 caerimoniarum,
1507 3445 1585 3504 quae
1598 3426 1632 3486 in
1646 3427 1778 3489 ecclesia
1789 3425 2065 3507 hierosolymitana

623 3532 735 3598 solitae
756 3535 844 3591 erant
863 3525 1029 3589 celebrari:
1050 3544 1142 3602 quam
1163 3523 1334 3602 ecclesiam,
1355 3531 1464 3603 utpote
1485 3523 1696 3603 apostolicam,
1716 3523 1916 3586 traditionem
1942 3530 2065 3602 aposto·

624 3633 724 3696 lorum
743 3623 926 3701 custodisse,
947 3630 1040 3701 atque
1059 3621 1208 3701 peculiari
1227 3621 1363 3700 liturgia,
1378 3641 1456 3699 qnae
1470 3641 1489 3682 a
1503 3641 1528 3683 s.
1542 3621 1654 3683 Iacobo
1669 3621 1766 3683 fratre
1780 3621 1907 3682 Domini
1913 3627 1954 3684 'et
1967 3620 2066 3702 primo

626 3731 771 3810 episcopo
791 3722 1066 3802 hierosolymitano
1086 3739 1197 3781 nomen
1218 3720 1321 3797 traxit,
1342 3726 1502 3781 vetustate
1521 3718 1698 3782 veneranda
1716 3740 1803 3781 usam
1824 3737 1904 3798 esse,
1919 3721 1992 3799 jure
2006 3718 2066 3780 ad-

625 3830 773 3891 firmatur.
795 3826 999 3904 Exponuntur
1019 3820 1144 3899 quidem
1164 3819 1295 3897 primum
1316 3838 1361 3895 ea,
1383 3838 1461 3895 quas
1481 3817 1591 3879 diebus
1612 3816 1761 3896 feriisque
1774 3817 1987 3879 communibus
2001 3838 2067 3898 per·

624 3935 718 4008 petuo
740 3925 921 4002 agebantur,
941 3924 1052 4000 postea
1065 3935 1143 3995 quae
1157 3917 1347 3996 temporibus
1368 3915 1537 3993 diebusque
1556 3914 1755 3978 solemnibus.
1769 3915 1997 3977 Documentum
2010 3914 2067 3976 hoc

625 4050 644 4090 a
663 4023 836 4104 Peregrina
855 4027 962 4082 nostm
981 4017 1136 4097 prolatum
1155 4015 1282 4097 plurimi
1302 4013 1477 4077 faciendum
1491 4021 1549 4092 est,
1565 4034 1603 4077 ex
1616 4035 1677 4094 quo
1691 4015 1901 4094 antiquissimi
1916 4015 2066 4078 ecclesiae

626 4125 814 4191 christianae
833 4120 914 4182 ritus
934 4117 1121 4192 revelantur,
1143 4133 1220 4194 quos
1241 4113 1373 4176 ecclesia
1391 4133 1525 4191 romana,
1539 4119 1576 4175 ut
1588 4119 1686 4193 patet,
1700 4113 1833 4176 maxims
1846 4133 1885 4176 ex
1898 4121 1989 4195 parte
2001 4131 2068 4194 pro

625 4225 714 4291 bavit
734 4229 767 4286 et
787 4217 932 4285 servarit.

670 4337 677 4354 ¹
707 4325 721 4360 ⁴
741 4320 940 4400 Ἀνάστασις,
961 4313 1093 4378 ecclesia
1112 4310 1371 4388 Resurrectionis,
1392 4310 1461 4373 sive
1478 4310 1565 4373 locus
1579 4311 1679 4372 sancti
1693 4310 1849 4391 Sepulcri;
1863 4311 1948 4375 inter
1962 4331 2067 4373 omnes

627 4419 837 4496 celeberrima,
858 4437 950 4497 quam
971 4413 1195 4478 Constantinus
1215 4427 1354 4492 magnus,
1374 4409 1514 4475 Helenae
1535 4409 1645 4473 matris
1665 4409 1777 4492 pietati
1797 4427 1916 4472 morem
1943 4427 2067 4490 gerens,

627 4520 756 4585 mirifice
776 4515 962 4582 aedificavit.

709 4619 812 4694 lIlio,
833 4617 867 4678 iu
887 4615 1015 4693 oriente,
1035 4611 1090 4674 ubi
1109 4610 1180 4691 ipsa
1200 4615 1276 4690 erat,
1299 4628 1335 4671 eo
1355 4608 1478 4672 nomine
1495 4607 1638 4671 monachi
1652 4613 1685 4672 et
1698 4605 1950 4670 sanctimoniales
1965 4606 2068 4688 appel·

628 4719 781 4783 labantur.
1887 4733 1889 4736 ·

709 4817 722 4854 ⁶
741 4815 825 4876 Ante
846 4813 1000 4892 pullorum
1019 4815 1143 4871 cantum
1165 4805 1277 4888 (officio
1299 4805 1381 4867 enim
1401 4805 1524 4866 initium
1545 4812 1612 4866 erat
1634 4805 1674 4866 ad
1694 4805 1770 4882 gelli
1791 4811 1925 4881 cantum,
1947 4801 1980 4864 S.
2001 4801 2067 4862 Iob.

631 4912 792 4992 Ohrysost.
813 4908 936 4970 Homel.
957 4907 996 4970 57
1010 4906 1050 4968 ad
1062 4925 1133 4984 pop.
1150 4903 1306 4984 Antioch.)
1320 4901 1462 4963 monachi
1477 4909 1509 4963 et
1520 4901 1660 4980 virgines
1674 4901 1782 4964 aedem
1797 4901 1965 4962 Anastasis
1980 4899 2068 4961 subi-

629 5011 714 5085 bant,
734 5007 839 5085 ibique
859 5025 928 5067 cum
948 5001 1141 5083 presbyteris
1163 5008 1195 5062 et
1215 5000 1361 5078 diaconis,
1382 4999 1436 5076 qui
1456 5019 1563 5060 omnes
1583 4999 1715 5079 primum
1734 4999 1867 5078 hymnos
1887 4997 2066 5075 matutinos,

630 5113 742 5186 postea
760 5105 897 5185 psalmos
917 5109 949 5165 et
969 5101 1155 5182 antiphonas
1176 5099 1304 5160 alternis
1318 5098 1439 5159 vicibus
1453 5099 1613 5175 cauebant,
1625 5096 1764 5158 oratione
1778 5095 1817 5158 ad
1832 5095 1975 5173 singulos
1989 5096 2067 5176 psal·

631 5202 771 5264 mos'vel
792 5201 976 5279 antiphonas
990 5198 1183 5278 interposita.
1202 5196 1291 5270 Quod
1309 5202 1460 5258 statutum
1477 5203 1544 5256 erat
1558 5215 1577 5255 a
1589 5196 1718 5257 concilio
1732 5194 1917 5272 Laodiceae,
1933 5215 2000 5255 can.
2016 5194 2067 5254 17:

633 5321 651 5357 ‹
663 5297 754 5371 Quod
774 5297 807 5359 in
821 5303 974 5359 conventu
987 5295 1135 5373 fidelium,
1148 5313 1341 5372 nequaquam
1355 5293 1491 5373 psalmos
1504 5291 1686 5355 continuare
1699 5292 1872 5368 conveniat,
1887 5290 1945 5354 sed
1959 5311 2018 5371 per
2027 5289 2069 5350 in·

632 5395 807 5474 teruallum,
826 5393 860 5456 id
882 5401 932 5457 est
950 5413 1007 5476 per
1026 5393 1163 5474 psalmos
1183 5393 1323 5472 singulos
1342 5391 1497 5454 recenseri
1516 5391 1652 5455 debeant
1671 5391 1859 5454 lectiones».
