4622 6572
762 693 808 740 111.
832 693 877 740 ΒΕ
899 692 1192 758 cmmemores
1399 697 1402 702 '
1553 705 1557 713 ·
1637 693 1698 742 111

258 913 316 1004 iis,
346 934 445 1010 quae
472 935 518 989 ex
536 912 663 989 codice
681 913 831 1010 integro
851 913 912 989 vel
932 936 1068 1010 parum
1086 913 1226 986 mutilo
1248 911 1385 988 Petrus
1413 912 1604 988 Diaconos
1632 913 1700 991 de·

258 1057 433 1153 sumpsit,
462 1049 635 1154 quaeque
655 1058 763 1133 nobis
782 1060 997 1154 supersunt,
1018 1055 1296 1153 deprehendere
1314 1079 1358 1132 ac
1377 1078 1577 1153 exponere,
1599 1080 1698 1155 quae
1771 1087 1777 1096 ·

258 1199 341 1274 loca
368 1200 566 1296 peregrina
602 1200 839 1291 lustraverit,
868 1222 981 1296 quem
1015 1199 1171 1273 modum
1209 1199 1388 1274 habuerit
1414 1200 1696 1296 peregrinandi.

259 1340 374 1414 Cuius
401 1340 434 1414 si
462 1344 567 1416 certa
594 1343 656 1418 vel
688 1343 836 1418 incerta
872 1345 903 1416 si
942 1343 1046 1418 Petri
1082 1342 1242 1417 Diaconi
1279 1343 1442 1439 vestigia
1477 1365 1695 1442 sequamur,

258 1487 368 1562 nobis
395 1487 583 1564 coniicere
612 1488 669 1562 fas
699 1491 769 1579 est,
806 1489 897 1585 quid
926 1489 1149 1564 detrimenti
1177 1489 1239 1564 vel
1267 1488 1376 1564 exitii
1403 1489 1474 1565 hoc
1502 1512 1614 1586 opere
1634 1489 1697 1565 de·

258 1631 411 1727 perdito
440 1631 595 1707 illarum
624 1633 823 1729 regionum
851 1633 1034 1707 notitiem
1062 1632 1192 1728 reique
1221 1633 1451 1708 christianae
1472 1633 1670 1730 coepisset.

338 1771 465 1877 Antea
486 1795 507 1848 e
527 1772 652 1848 Gallia
673 1773 1016 1870 bostanrinopolim
1035 1739 1191 1869 longum
1212 1775 1288 1849 iter
1306 1775 1545 1871 peregrinam
1573 1797 1699 1850 susce·

259 1915 357 2014 pisse
374 1937 453 1991 non
472 1915 712 2006 dubitamus;
733 1919 820 1992 hinc
835 1917 949 1992 Asine
968 1916 1182 2014 provincias
1201 1940 1300 2014 quae
1318 1919 1358 1993 in
1377 1918 1581 1994 Itinerario
1601 1919 1699 1993 Bur-

259 2058 445 2155 digalensi
471 2059 720 2149 adnotantur,
749 2062 1006 2154 trangressum
1035 2059 1320 2156 Hierosolymes
1348 2063 1507 2136 subiisse
1523 2053 1547 2137 ¹.
1577 2062 1698 2148 Quam

258 2204 458 2279 civitatem
485 2206 531 2277 ut
558 2203 712 2277 domum
740 2205 912 2296 incoluit,
932 2203 1152 2295 Anastasin,
1172 2207 1317 2280 ceteras
1345 2207 1533 2298 ecclesias,
1562 2229 1699 2304 resque

259 2370 387 2424 sacres
413 2371 563 2424 summa
589 2370 775 2424 venerans
802 2347 997 2444 religione.
1024 2347 1149 2434 Quum
1176 2347 1227 2422 ad
1244 2349 1328 2424 loca
1357 2351 1552 2447 proposita
1579 2350 1698 2449 quod-

262 2491 350 2566 dam
378 2493 453 2568 iter
490 2492 723 2583 confecisset,
751 2491 1058 2589 Hierosolymam
1095 2514 1243 2589 semper
1269 2493 1432 2586 redibat,
1461 2493 1590 2590 ibique
1618 2498 1698 2570 tres

262 2659 382 2712 annos
409 2637 540 2713 eedem
568 2637 719 2713 ratione
746 2639 947 2734 transegit.

325 2781 512 2856 ¹Primum
540 2782 694 2879 quidem
713 2781 788 2857 iter
815 2781 900 2877 piae
919 2781 1108 2858 foeminae
1127 2783 1175 2858 ab
1194 2773 1494 2880 Hierosolymis²
1514 2781 1565 2857 ad
1584 2781 1701 2860 Beth·

260 2926 370 3018 leem,
398 2928 439 3001 et
467 2923 647 3022 Sepulcra
673 2947 820 3023 regum,
850 2929 891 3002 et
928 2926 1124 3002 ecclesiam
1162 2925 1366 3001 Pastorum
1381 2923 1385 2934 '
1402 2925 1520 3001 fuisse
1556 2925 1699 3028 perspi·

260 3069 380 3144 citur:
410 3067 632 3146 duodecimo
651 3069 833 3144 milliario
850 3069 969 3144 situm
988 3074 1074 3146 erat
1093 3071 1311 3166 sepulerum
1330 3068 1447 3146 Amos
1465 3067 1697 3165 prophetae:

190 3233 192 3237 ’
260 3212 435 3310 protinus
464 3212 510 3290 de
536 3215 668 3289 monte
687 3214 850 3309 loquuta
870 3216 1116 3310 esset,quem
1133 3217 1267 3288 contra
1288 3235 1392 3288 mare
1411 3215 1607 3288 mortuum
1632 3231 1711 3307 po·'

258 3357 377 3431 situm
397 3355 565 3434 Herodes
584 3357 709 3449 effodi,
737 3358 867 3453 ibique
886 3359 959 3433 sibi
978 3358 1167 3455 palatium
1186 3356 1297 3432 condi
1324 3357 1530 3454 praecepit.
1552 3354 1698 3433 Deinde

261 3501 343 3598 ipsa
369 3500 466 3574 adiit
492 3501 710 3598 sepulcrum
736 3499 860 3593 Iosue,
882 3504 922 3576 et
940 3501 1092 3577 rediens
1111 3504 1363 3576 monumenta
1381 3502 1569 3599 spectavit
1587 3500 1697 3577 Elea·

262 3643 349 3718 uari
367 3646 409 3718 et
433 3643 581 3734 Finees,
608 3665 827 3740 praegressa
855 3643 1138 3736 cariathiarim,
1169 3643 1236 3717 ubi
1264 3665 1354 3718 arca
1381 3642 1535 3718 Domini
1572 3642 1697 3754 stetit.

342 3786 556 3863 Secundum
571 3789 645 3864 iter
653 3779 678 3882 ³,
690 3788 792 3884 quod
806 3791 935 3864 tamen
952 3811 1038 3868 cum
1053 3788 1177 3864 altero
1192 3810 1270 3862 non
1283 3788 1380 3862 bene
1395 3787 1546 3863 decerni
1560 3789 1699 3883 potest,

261 3931 311 4004 ad
325 3929 479 4024 Hebron
492 3934 533 4007 et
547 3930 824 4008 Therebintum
837 3932 1086 4007 statuendum
1105 3935 1176 4023 est,
1193 3933 1306 4028 quem
1326 3954 1445 4030 prope
1464 3933 1579 4007 vinea
1596 3931 1700 4034 dicta

264 4070 444 4149 abramiri
474 4073 761 4165 ostendebatur,
782 4074 848 4148 ubi
876 4097 1034 4172 corpora
1063 4074 1230 4151 filiorum
1269 4074 1382 4150 iacob
1421 4076 1547 4172 posita
1574 4079 1697 4152 erant.

342 4217 472 4293 Tertio
516 4218 654 4295 itinere
691 4219 925 4294 Palestinam
965 4223 1005 4294 et
1048 4220 1234 4294 Galileam
1272 4218 1427 4296 videndi
1469 4219 1698 4295 desiderium

261 4363 429 4458 explevit
441 4353 465 4437 ⁴.
495 4361 771 4459 Hierosolymis
789 4361 960 4459 prolecta
984 4337 1240 4440 ierichuntem
1260 4365 1470 4456 contendit,
1490 4365 1695 4462 collapsam

257 4507 527 4603 desertamque
556 4505 765 4596 civitatem,
794 4529 910 4601 quam
929 4527 1044 4604 prope
1063 4506 1305 4582 indicabatur
1327 4507 1433 4582 locus
1461 4528 1537 4603 quo
1564 4507 1697 4583 Helias

262 4652 394 4746 raptus
421 4651 492 4724 est.
521 4648 667 4724 Deinde
694 4650 797 4724 viam
824 4670 892 4744 per
919 4648 1076 4723 Gabaon
1104 4653 1145 4724 et
1173 4649 1353 4723 Emmaus
1381 4648 1506 4745 coepit
1533 4671 1696 4746 pergens

263 4790 461 4867 Galileam.
477 4765 831 4867 Montem'Hermon
846 4812 951 4866 more
970 4811 1052 4884 suo,
1072 4793 1118 4865 ut
1135 4793 1195 4866 est
1212 4790 1324 4866 valde
1345 4790 1554 4887 probabile,
1569 4812 1697 4866 ascen·

343 5050 443 5132 lipsa
462 5052 501 5115 de
522 5072 557 5116 se
577 5054 611 5116 in
631 5053 744 5128 reditu,
765 5073 796 5133 p.
819 5053 872 5116 75:
895 5053 1055 5116 «Facient
1075 5053 1136 5116 iter
1153 5059 1259 5114 notum
1279 5073 1336 5133 per
1355 5051 1495 5132 singulas
1509 5051 1701 5133 provintias,

262 5169 340 5229 quae
360 5151 459 5213 eundo
481 5151 694 5231 bensiveram,
714 5151 747 5213 id
768 5158 818 5216 est
839 5151 1075 5233 Cappadociam,
1097 5151 1262 5230 Galatiam,
1277 5158 1309 5214 et
1322 5151 1493 5215 Bithiniam
1512 5151 1702 5232 perveniens

261 5249 476 5312 Oaloedonaa
724 5324 728 5330 Ι

342 5347 453 5412 'Vide
473 5351 557 5413 Petr.
578 5350 664 5412 Diae.
687 5370 717 5430 p.
740 5351 807 5412 122.

342 5445 455 5510 ³Petr.
475 5449 562 5512 Diae.
583 5469 614 5528 p.
636 5451 703 5511 124.

342 5545 455 5610 ‘Petu
475 5547 562 5612 Diuo.
582 5568 613 5628 p.
636 5549 704 5628 128,
725 5554 759 5609 et
778 5549 846 5610 130.
