4622 6572
808 595 851 637 ou
876 593 1052 638 ursaceus
1077 593 1120 638 uu
1146 591 1254 639 [irunt
1708 573 1747 638 17

309 812 467 887 docente
494 813 635 887 nutriri
653 811 861 886 secundum
879 833 1032 887 carnem
1052 810 1247 885 Christum
1267 811 1464 900 convenit;
1485 811 1534 884 ab
1552 810 1620 886 illa
1638 833 1747 908 opor·

308 940 388 1014 tuit
414 939 602 1035 adoptari.
631 938 792 1033 Magnus
819 937 943 1012 factus
962 939 1111 1033 Moyses
1131 938 1307 1014 detentos
1330 939 1370 1012 in
1389 937 1590 1012 servitium
1609 938 1748 1014 fratres

309 1064 487 1159 requirit3
518 1062 652 1137 deinde
680 1063 938 1137 dominantem
968 1066 1008 1138 et
1044 1063 1224 1136 iniuriam
1253 1063 1321 1136 uni
1359 1085 1490 1138 eorum
1517 1063 1747 1138 inferentem

309 1189 542 1286 Aegyptium
569 1189 797 1285 prosternit:
826 1211 871 1262 ac
897 1190 1029 1284 postea
1061 1189 1182 1262 abeo
1214 1190 1307 1284 ipso,
1342 1209 1455 1284 quem
1483 1189 1529 1262 de
1558 1187 1749 1284 Aegyptio

309 1316 393 1386 erat
419 1312 538 1403 ultus,
568 1313 756 1408 arguitur.
785 1313 920 1388 Nonne
957 1313 1131 1388 Christus
1168 1317 1454 1388 consummatae
1482 1315 1522 1387 et
1558 1312 1749 1408 perfectae

310 1437 450 1512 aetatis
478 1458 565 1510 cum
593 1441 704 1527 osset,
724 1436 907 1532 populum
926 1460 1050 1528 suum,
1071 1437 1136 1532 qui
1155 1436 1360 1512 secundum
1382 1458 1535 1512 carnem
1555 1438 1590 1512 ei
1611 1436 1749 1512 fratres

309 1564 412 1653 sunt,
428 1561 585 1636 visitati
614 1561 729 1637 Venit
756 1563 858 1637 enim
887 1562 937 1638 ad
970 1583 1059 1639 oves
1093 1561 1260 1656 perditas
1289 1561 1423 1635 domus
1451 1561 1582 1636 Israel.
1611 1561 1749 1636 Nonne

310 1686 569 1762 dominantem
598 1707 731 1760 eorum
750 1687 944 1761 diabolum
964 1687 1174 1783 prostravit
1192 1690 1232 1761 et
1250 1687 1368 1763 vieiti
1388 1686 1508 1761 Nemo
1529 1687 1630 1762 enim
1657 1708 1750 1762 uasa

310 1812 420 1886 fortis
448 1811 620 1907 diripiet,
640 1812 714 1888 nisi
741 1813 845 1910 prius
864 1813 1005 1888 fortem
1033 1813 1252 1909 alligaverit
1267 1803 1290 1886 ¹.
1319 1813 1454 1887 Nonne
1482 1813 1530 1886 ab
1558 1812 1617 1886 his
1645 1811 1746 1908 ipsiS,

310 1937 447 2032 quibus
475 1939 516 2012 et
534 1936 580 2011 de
599 1937 751 2013 diabolo
770 1938 957 2012 ultionem
984 1937 1090 2013 etde
1118 1939 1275 2014 servitio
1303 1938 1525 2012 libertatem
1553 1937 1748 2025 reddebat,

311 2061 508 2156 arguituri
536 2061 599 2135 Ita
636 2063 1002 2138 consummationem
1038 2064 1078 2137 in
1115 2063 1195 2137 Deo
1229 2062 1376 2158 gratiae
1415 2062 1660 2157 consequitur
1692 2083 1749 2152 ea,

311 2207 409 2280 quae
436 2186 477 2259 in
503 2187 627 2261 latore
654 2186 749 2282 legis
777 2186 945 2262 imitatio
973 2189 1042 2261 est.
1071 2185 1205 2260 Rubus
1233 2188 1272 2260 in
1300 2188 1502 2282 conspectu
1521 2185 1644 2281 Moysi
1663 2208 1750 2259 con·

311 2311 451 2405 flagrat
464 2301 489 2401 ²,
518 2333 586 2387 nec
613 2314 745 2386 tamen
772 2311 919 2385 uritur:
949 2311 1107 2386 ecclesia
1135 2311 1313 2386 videlicet
1331 2334 1376 2386 ex
1395 2312 1637 2406 peccatorum
1665 2332 1749 2405 per·

310 2434 549 2510 secutionem
564 2439 604 2510 et
618 2435 915 2532 temptationum
930 2435 1092 2509 flammis
1106 2435 1359 2526 succenditur,
1375 2435 1547 2530 apostolo
1562 2435 1711 2508 dicente
1721 2429 1749 2508 8:

316 2563 332 2596 “
351 2559 582 2655 Angustium
609 2559 852 2651 sustinentes,
881 2559 1049 2655 inopiam
1078 2559 1300 2650 tolerantes,
1328 2558 1394 2634 sed
1421 2581 1498 2632 non
1518 2559 1749 2653 abrelinqui·

312 2711 418 2761 mur:
444 2689 449 2780 Ι
475 2687 667 2777 deicimur,
697 2686 865 2762 sednon
894 2686 1073 2780 perimus,
1099 2708 1247 2781 semper
1266 2685 1457 2781 passiones
1486 2685 1573 2758 Iesu
1601 2685 1642 2758 in
1670 2707 1750 2760 cor·
1780 2703 1815 2760 16

314 2835 404 2910 pore
432 2813 750 2903 circumferentes,
779 2815 825 2886 ut
852 2811 934 2888 vita
953 2811 1039 2885 Iesu
1069 2809 1209 2884 Christi
1228 2811 1268 2884 in
1287 2833 1442 2906 corpore
1469 2813 1601 2885 nostro
1631 2811 1751 2885 mani·

315 2938 477 3012 testetur
493 2993 524 3026 ,.
545 2938 607 3012 lta
627 2939 796 3012 omnium
816 2937 1070 3032 iniquitatum
1087 2936 1127 3008 in
1146 2959 1215 3010 nos
1234 2935 1407 3010 incendia
1427 2935 1664 3030 desaeviunt,
1685 2957 1754 3010 nec

319 3063 539 3136 amburunt.
563 3062 728 3137 Ponitur
755 3061 891 3136 deinde
919 3062 1071 3156 signum
1091 3059 1178 3135 fidei
1196 3061 1305 3156 virga
1323 3060 1362 3134 in
1382 3063 1596 3156 serpentem
1625 3062 1754 3136 demu-

316 3190 413 3278 tata,
443 3190 483 3261 et
510 3187 656 3260 abolita
685 3209 838 3282 serpens
865 3209 997 3260 rursus
1025 3187 1064 3259 in
1091 3177 1248 3280 virga⁴z
1277 3185 1342 3260 sed
1366 3185 1579 3260 demutatio
1601 3185 1678 3259 ista
1706 3185 1755 3258 ad

313 3309 401 3384 fidei
429 3311 758 3386 confirmationem
788 3315 857 3404 est,
887 3334 965 3386 non
993 3311 1040 3385 ad
1068 3315 1231 3386 naturae
1259 3311 1555 3386 conversionem.
1585 3309 1636 3383 Et
1664 3309 1755 3406 quia

313 3435 353 3507 in
380 3434 489 3530 virga
515 3437 685 3529 potestas
704 3439 762 3510 est
789 3437 909 3530 regni,
930 3439 971 3509 et
998 3435 1039 3508 in
1057 3439 1233 3532 serpente
1253 3434 1396 3511 diaboli
1416 3434 1652 3530 nuncupatio
1681 3435 1754 3525 est,

315 3558 465 3634 credere
493 3560 532 3632 in
560 3581 606 3633 eo
634 3559 883 3634 admonemur
901 3551 935 3634 ⁵:
973 3561 1039 3655 qui
1073 3583 1119 3636 ex
1156 3561 1237 3636 Deo
1275 3561 1513 3636 saeculorum
1551 3558 1755 3634 Beelzebul

315 3683 556 3757 existimatus
584 3687 654 3774 est,
684 3684 819 3760 deinde
847 3707 894 3759 ex
921 3685 1122 3760 Beelzebul
1151 3685 1252 3760 dicto
1281 3689 1398 3780 atque
1427 3685 1658 3774 existimato,
1688 3705 1756 3778 per

314 3811 603 3886 resurrectionis
618 3810 919 3886 demutationem
934 3812 1037 3886 Deus
1052 3811 1302 3902 saeculorum,
1318 3812 1356 3886 id
1369 3811 1575 3906 quoderat,
1598 3809 1753 3905 agnitus

316 3937 385 4009 est.
415 3935 530 4008 Cuius
558 3933 615 4008 rei
641 3932 754 4010 fidem
782 3958 942 4031 sequens
976 3937 1125 4032 signum
1155 3937 1278 4032 specie
1305 3936 1534 4012 imitationis
1571 3927 1753 4030 eirplovit,

315 4063 355 4135 et
382 4061 462 4157 spei
489 4060 726 4136 satisfaciens
755 4065 796 4135 et
823 4063 1006 4158 tempori:
1036 4085 1126 4135 nam
1154 4083 1241 4136 cum
1268 4063 1464 4135 insinuata
1496 4083 1633 4134 manus
1666 4081 1753 4134 can-

314 4183 445 4260 dorem
463 4186 562 4260 nivis
582 4186 737 4280 accepit,
754 4190 794 4260 in
813 4188 896 4260 sinu
912 4191 1073 4285 patemo
1087 4188 1321 4283 quiescentes
1341 4209 1421 4278 nos,
1438 4187 1477 4260 id
1502 4189 1561 4262 est
1577 4185 1754 4260 Abrahae

317 4312 357 4384 et
375 4309 508 4386 Isaaeh
528 4313 569 4385 et
587 4311 711 4404 Iacob,
733 4312 1003 4386 illuminandos
1023 4334 1103 4387 esse
1121 4313 1321 4407 significat,
1341 4315 1482 4385 natura
1500 4310 1665 4406 corporis
1685 4332 1754 4383 no·

317 4435 388 4508 stri
407 4435 446 4506 in
466 4433 625 4530 speciem
645 4435 788 4529 gloriae
804 4438 920 4531 atque
934 4437 1088 4511 honoris
1106 4437 1286 4530 absorpta
1297 4431 1320 4510 ⁰.
1339 4435 1433 4509 Cum
1449 4437 1580 4509 autem
1603 4456 1754 4506 sursum

316 4557 442 4648 adid,
471 4559 572 4653 quod
601 4557 729 4633 fuerat
748 4583 883 4634 ananus
911 4560 1118 4651 insinuata,
1140 4564 1360 4648 revocetur;
1390 4559 1429 4632 id
1449 4559 1550 4656 quod
1578 4559 1619 4630 in
1647 4559 1753 4652 signo

317 4683 455 4770 suerat,
484 4683 786 4779 praeformatum
814 4685 982 4759 nondum
1002 4709 1082 4760 esse
1101 4687 1258 4760 docetur
1277 4686 1316 4758 in
1337 4688 1518 4780 tempore.
1540 4683 1632 4758 Cum
1663 4704 1755 4758 uero

315 4807 422 4902 signo
449 4809 567 4882 tertio
595 4831 695 4902 aqua
723 4807 905 4883 exfluvio
924 4812 1078 4904 sumpta
1098 4813 1138 4883 et
1166 4809 1369 4884 interram
1397 4809 1484 4882 fusa
1507 4809 1560 4881 sit
1587 4807 1753 4902 sanguis,

317 4931 545 5006 sacramenti
572 4933 672 5005 ratio
701 4933 881 5006 miscetur
909 4932 979 5022 his,
1008 4933 1040 5006 si
1068 4933 1221 5028 quidem
1249 4934 1315 5029 qui
1347 4956 1414 5030 per
1452 4956 1592 5029 uquam
1631 4931 1754 5005 abluti

318 5055 640 5152 incognitionem
670 5057 749 5130 sint
776 5055 971 5151 sanguinis
1000 5057 1214 5132 transituri.

398 5333 534 5396 ¹Matth.
555 5334 632 5414 XH,
660 5337 700 5397 29
720 5371 761 5383 -
782 5335 996 5416 ²conflagrent
1019 5372 1052 5384 -
1077 5337 1191 5416 ³Paul.
1221 5337 1260 5398 ud
1288 5336 1425 5400 Corinth.
1447 5339 1497 5418 Π,
1519 5359 1544 5400 c.
1571 5339 1592 5398 4
1620 5357 1648 5400 v.
1677 5339 1756 5398 8-

318 5432 445 5496 ‘Antea
465 5435 613 5514 scriptum
634 5441 701 5496 erat
722 5440 755 5495 in
775 5439 866 5496 sicum
886 5471 927 5484 -
947 5445 958 5477 ὅ
974 5455 1181 5498 ammonemur
1201 5472 1241 5482 -
1261 5446 1272 5476 ⁰
1288 5438 1421 5500 absorta.

1539 5539 1557 5592 3
