4622 6572
553 651 662 698 xxm
1185 646 1370 693 PRAEFATIO

554 869 686 944 consul
713 868 873 944 excessit
901 889 1001 942 anno
1032 865 1121 958 392,
1152 866 1287 941 deinde
1321 866 1535 963 praefectus
1578 868 1761 944 orientis:
1803 867 1869 944 sed
1910 871 1998 965 post

554 1014 717 1086 mortem
747 1011 961 1103 Theodosii,
990 1011 1047 1085 113
1075 1031 1115 1086 33
1143 1008 1364 1106 arrogantia
1392 1009 1557 1103 inflavit,
1586 1015 1632 1086 ut
1660 1011 1706 1087 de
1740 1035 1892 1087 summa
1927 1013 1997 1086 im·

552 1155 647 1250 perii
674 1153 902 1252 capessenda
929 1155 1150 1230 eniteretur.
1182 1153 1292 1245 Tum,
1322 1157 1367 1227 ut
1390 1156 1527 1229 notum
1547 1159 1618 1248 est,
1639 1156 1800 1231 interitu
1819 1179 1889 1232 suo
1907 1159 1995 1232 tur·

551 1297 706 1394 pissimo
733 1321 875 1396 poenas
901 1299 999 1372 luit:
1029 1320 1126 1372 uxor
1153 1301 1194 1372 et
1220 1297 1300 1372 filia
1318 1297 1358 1371 in
1378 1298 1538 1372 exilium
1559 1300 1692 1397 pulsae
1710 1301 1996 1399 Hierosolymas

552 1441 603 1533 (3.
625 1440 717 1534 311)
746 1446 792 1517 31
822 1443 961 1518 asilum
990 1443 1190 1538 clegerunt
1204 1432 1228 1515 ¹.
1258 1441 1716 1540 Silviamhaecpassam
1744 1445 1926 1538 cumeis,
1955 1449 1997 1521 et

550 1586 735 1677 exulasse,
763 1589 988 1682 terramque
1016 1589 1190 1661 sanctam
1216 1584 1413 1680 repetiisse
1441 1589 1548 1662 estne
1576 1586 1854 1662 dubitanduml

631 1727 790 1806 circiter
818 1752 960 1802 annum
990 1727 1080 1819 400,
1111 1749 1188 1825 quo
1216 1726 1407 1824 Sulpicius
1438 1727 1600 1805 Severus
1628 1729 1678 1805 ad
1705 1753 1815 1805 suam
1852 1752 1994 1808 noram

548 1873 745 1949 basilicam
773 1873 1033 1949 exornandam
1061 1876 1275 1970 martyrum
1304 1873 1488 1969 reliquias
1526 1878 1742 1971 quaereret,
1786 1873 1906 1952 Silvia
1946 1897 1994 1949 ex

549 2019 696 2095 oriente
723 2041 875 2096 reversa
902 2019 943 2093 in
965 2017 1121 2092 Italiam
1141 2017 1282 2092 versari
1307 2018 1473 2094 videtur.
1495 2019 1596 2093 Nam
1615 2017 1773 2109 Victori,
1793 2040 1861 2116 per
1879 2041 1991 2116 quem

483 2275 484 2280 ἵ
550 2159 737 2258 Sulpicius
756 2184 778 2237 o
797 2160 921 2235 Gallia
949 2161 998 2237 ad
1027 2162 1233 2236 Paulinum
1261 2160 1478 2256 episcopum
1507 2162 1690 2235 nolanum
1710 2161 1892 2236 mittebat
1912 2162 1991 2257 epi-

549 2304 679 2397 stolas,
708 2305 921 2380 multorum
940 2327 985 2380 ex
1005 2305 1151 2396 oriente
1179 2307 1398 2402 martyrum
1427 2305 1611 2402 reliquias
1630 2304 1834 2403 spopondit
1847 2297 1872 2380 ².
1901 2305 1993 2381 For·

548 2451 651 2524 tasse
680 2448 831 2524 Brixiae
859 2450 1054 2542 manebat,
1086 2450 1152 2524 ubi
1189 2472 1210 2525 3
1248 2450 1332 2525 vita
1374 2451 1547 2543 excessit,
1589 2473 1794 2548 rerumque
1834 2475 1992 2527 suarum

547 2591 725 2668 heredem
753 2591 1015 2666 Gaudentium
1043 2591 1124 2666 eius
1154 2591 1327 2667 civitatis
1356 2594 1572 2689 episcopum
1600 2593 1785 2668 instituit.
1824 2593 1873 2687 Is,
1903 2594 1990 2669 doc·

545 2736 716 2810 tissimus
745 2738 786 2810 31
812 2735 1074 2810 sanctissimus
1106 2735 1179 2826 vir,
1208 2760 1327 2833 quum
1358 2737 1593 2813 Palestinam
1621 2761 1723 2813 anno
1766 2737 1840 2812 387
1884 2759 1992 2835 pere·

545 2877 729 2975 grinaret,
767 2877 818 2953 ad
858 2901 997 2953 munus
1039 2879 1252 2977 episcopale
1294 2903 1529 2976 quamquam
1571 2879 1717 2955 invitus
1757 2884 1917 2957 vocatus
1949 2884 1991 2956 31

546 3024 695 3096 erectus
715 3012 813 3096 est⁸z
834 3022 1081 3118 quamobrem
1101 3022 1184 3097 loca
1204 3025 1339 3098 sancta
1358 3044 1448 3099 eum
1470 3045 1547 3096 una
1566 3045 1652 3098 cum
1669 3021 1788 3099 Silvia
1804 3024 1990 3099 lustrasse

546 3162 700 3238 credere
728 3163 828 3238 licet.
858 3164 980 3252 Quam
1008 3165 1048 3238 in
1076 3164 1233 3239 ecclesia
1261 3169 1402 3241 vocata
1433 3165 1622 3240 Concilium
1650 3165 1855 3240 Sardorum
1873 3189 1990 3264 prope

545 3307 744 3383 civitatem
772 3308 940 3383 Brixiam
969 3310 1007 3382 in
1035 3309 1130 3404 ipso,
1160 3330 1276 3405 quem
1305 3310 1425 3384 etiam
1453 3309 1526 3384 sibi
1554 3310 1683 3404 elegit,
1713 3310 1885 3406 sepulcro
1908 3311 1989 3408 ipse

543 3451 733 3528 condidit:
762 3452 850 3527 dein
883 3453 985 3528 inter
1020 3457 1171 3528 sanctos
1210 3452 1329 3529 Silvia
1366 3453 1554 3528 recensita
1590 3452 1737 3550 piisque
1772 3453 1983 3529 honoribus

543 3617 664 3692 usque
691 3594 815 3700 adhuc
841 3601 1078 3693 prosequuta
1106 3599 1166 3672 est
1178 3588 1204 3671 ⁴.

620 3736 689 3811 His
716 3739 831 3813 rebus
865 3737 914 3812 ad
942 3738 1146 3814 veritatem
1183 3739 1379 3834 expositis,
1419 3738 1554 3813 statim
1593 3738 1768 3813 exoritur
1803 3739 1844 3813 31
1877 3739 1987 3833 patet

542 3881 664 3956 omnis
701 3881 953 3958 conformatio
990 3883 1219 3978 Peregrinae
1257 3886 1412 3957 nostras
1440 3903 1527 3956 cum
1555 3887 1602 3956 3.·
1623 3880 1744 3959 Silvia
1771 3880 1983 3978 peregrina.

540 4023 613 4098 1113
640 4045 661 4098 3
685 4024 811 4099 Gallia
838 4025 1021 4122 prolecta,
1043 4026 1136 4101 haec
1164 4049 1211 4101 ex
1240 4025 1462 4122 Aquitania,
1484 4025 1640 4121 regiona
1670 4027 1773 4099 inter
1800 4046 1985 4100 oceanum

540 4169 582 4242 et
608 4190 714 4243 mare
743 4169 915 4244 italicum
943 4171 1040 4244 sita:
1067 4169 1135 4243 illa
1162 4171 1475 4260 sanctimonialis
1513 4169 1607 4244 haec
1639 4169 1756 4244 beata
1783 4171 1825 4242 31
1852 4169 1983 4264 virgo:

541 4313 707 4407 utraque
735 4311 957 4388 invisendae
976 4316 1104 4387 terrae
1123 4315 1277 4388 sanctae
1293 4335 1422 4387 amore
1441 4312 1666 4408 flagrantes:
1693 4311 1742 4386 ad
1761 4309 1981 4408 Aegyptum

541 4478 609 4554 por
636 4457 833 4532 Pelusium
857 4460 1079 4555 pergentes:
1108 4457 1241 4532 eodem
1268 4461 1442 4553 temporo
1468 4456 1776 4553 peregrinantes:
1805 4458 1893 4553 post
1920 4477 1983 4551 pe-

621 4715 818 4782 ιΤ111331331
837 4718 921 4780 Η131.
942 4717 998 4780 (133
1020 4718 1145 4797 hlmpor.
1167 4717 1206 4796 V,
1226 4738 1257 4797 p.
1277 4718 1349 4778 428.

599 4865 602 4872 .
618 4815 631 4852 ¹
647 4817 678 4878 S.
700 4816 823 4878 Paulini
838 4816 929 4895 epist.
945 4817 981 4877 31
1000 4815 1053 4894 (31.
1070 4816 1120 4896 11)
1137 4814 1177 4876 ad
1192 4815 1358 4877 Severum:
1375 4812 1467 4876 «Sed
1482 4812 1554 4892 qnia
1567 4832 1624 4876 nos
1637 4832 1698 4874 non
1711 4811 1875 4874 habuimus
1889 4810 1981 4873 huius

538 4917 675 4978 muneris
695 4915 827 4996 copiam,
850 4921 882 4977 et
902 4914 957 4976 1113
979 4934 1014 4976 33
1036 4933 1124 4993 spem
1145 4912 1284 4975 eiusdem
1304 4912 1426 4992 gratiae
1446 4911 1603 4993 copiosam
1622 4911 1737 4974 habere
1752 4909 1832 4971 dixit
1844 4930 1863 4971 3
1875 4915 1982 4972 333313

538 5014 644 5091 Silvia,
665 5034 746 5091 qnae
767 5013 814 5074 illi
836 5011 876 5074 de
897 5013 1063 5074 multorum
1085 5031 1124 5074 ex
1145 5011 1263 5073 oriente
1284 5018 1455 5090 martyrum
1475 5010 1606 5088 reliquis
1627 5007 1884 5090 spopondisset.»

617 5111 735 5187 ³Quod
757 5110 914 5174 advitam
935 5131 960 5173 s.
984 5110 1154 5173 Gaudentii
1175 5111 1299 5188 attinet,
1321 5109 1448 5171 consule
1478 5108 1665 5171 Galeerdum
1686 5110 1718 5171 13
1738 5107 1843 5171 Praei.
1864 5107 1899 5170 in
1919 5127 1980 5170 ser

536 5231 692 5275 moneas.
715 5209 1414 5291 1133133111.(031133113331.ρ313313Βι·13.
1437 5208 1511 5272 eccl.
1533 5230 1562 5288 p.
1585 5209 1643 5271 187
1665 5217 1698 5272 31
1720 5209 1818 5290 seqq.)

616 5310 691 5371 ⁴De
711 5329 736 5372 3.
758 5307 857 5370 Silvia
877 5308 1069 5388 scripserunt
1098 5308 1283 5389 praesertim
1310 5305 1477 5369 Fontanini
1504 5307 1648 5369 Historia
1674 5305 1828 5368 litteraria
1855 5305 1979 5384 Aquila

537 5404 635 5469 133313
655 5426 686 5485 p.
706 5407 775 5468 395.
797 5404 968 5483 Gredonigi
998 5404 1108 5466 Brixia
1137 5424 1226 5466 sacra
1244 5425 1274 5484 p.
1297 5404 1374 5465 513
1402 5423 1490 5482 segg.
1522 5403 1665 5482 Bruneti,
1696 5403 1789 5468 Santi
1813 5405 1979 5464 Breuciuai

537 5501 573 5565 Τ.
593 5504 611 5565 Ι
629 5525 659 5584 p.
681 5505 740 5566 307
761 5525 778 5566 3
798 5523 885 5582 segg.
908 5503 939 5563 S.
961 5502 1078 5566 Silviae
1099 5503 1245 5567 memoria
1264 5501 1413 5564 recolitur
1432 5501 1484 5564 die
1505 5502 1735 5582 decimaquinta
1754 5500 1942 5566 decembris.
