4604 6560
614 671 658 736 64
1104 691 1130 736 0.
1155 691 1286 736 ennias
1309 691 1556 736 nannonrsrmo

615 783 1025 790 -Ὴα--ρ--ς--η-
1043 785 1161 790 .-..-,-...
1275 785 1291 789 -
1310 785 1358 790 .-.-
1606 785 1641 789 .-
1688 783 1790 788 -.--,.1..»
1815 783 1903 788 ---.-.-
1932 783 1969 788 ..Β
1984 783 2050 790 --,.

614 933 712 1005 qnae
730 912 866 986 civitas
887 934 1007 1008 nsque
1027 913 1064 985 in
1084 911 1196 986 hodie
1216 915 1285 986 001.
1306 911 1406 985 Nam
1425 915 1466 984 et
1485 911 1640 985 ecclesia
1660 933 1746 984 cum
1765 910 1939 1006 episcopo
1964 931 2050 983 vera

615 1040 746 1112 sancto
761 1041 802 1110 01
816 1038 1001 1112 monacho
1016 1041 1056 1112 et
1070 1037 1282 1111 confessore
1297 1028 1306 1069 ¹
1328 1036 1457 1126 habet,
1473 1040 1513 1110 et
1532 1037 1720 1133 martyria
1739 1037 1951 1131 aliquanta.
1967 1034 2052 1130 Ipsa

614 1163 732 1236 etiarn
761 1164 896 1236 civitas
925 1161 1123 1234 abundans
1154 1162 1402 1236 multitudine
1431 1162 1628 1236 hominnm
1656 1151 1752 1236 est²:
1775 1167 1925 1234 namet
1947 1159 2051 1231 miles

613 1286 665 1359 ibi
693 1286 799 1359 sedet
814 1309 900 1359 cum
920 1287 1077 1360 tribuno
1098 1309 1178 1360 suo.
1200 1287 1307 1361 Unde
1328 1287 1451 1361 denuo
1471 1287 1719 1382 proficiscens,
1744 1284 1987 1381 pervenimus
2013 1283 2051 1355 in

611 1414 764 1486 nomine
793 1411 933 1486 Christi
953 1412 1024 1486 Dei
1044 1414 1168 1487 nostri
1181 1413 1382 1488 Edessam:
1405 1414 1469 1487 ubi
1488 1436 1573 1488 cum
1593 1413 1904 1508 pervenissem,
1921 1413 2050 1486 statim

611 1535 846 1630 perreximus
866 1536 914 1610 ad
934 1538 1128 1612 ecclesiam
1156 1541 1197 1612 et
1224 1539 1273 1612 ad
1302 1539 1531 1634 martyrium
1551 1540 1673 1612 sancti
1688 1537 1857 1611 Thomas
1871 1527 1897 1610 ³.
1918 1535 2050 1631 itaque

613 1685 704 1760 ergo
732 1664 841 1736 iuxta
868 1664 1182 1739 consuetudinem
1211 1666 1322 1740 factis
1347 1666 1597 1756 orationibus,
1628 1669 1669 1740 et
1697 1668 1938 1760 ceteraquae
1967 1684 2051 1737 con·

613 1788 775 1862 suetudo
795 1791 880 1862 erat
898 1787 980 1862 fieri
1000 1790 1040 1862 in
1058 1790 1149 1864 locis
1168 1793 1321 1865 sanctis:
1342 1814 1503 1866 necnon
1522 1793 1642 1866 etiam
1661 1795 1701 1867 et
1721 1793 1922 1887 aliquanta
1936 1789 2052 1884 ipsius

612 1912 734 1988 sancti
762 1912 928 1986 Thomae
948 1913 1001 1986 ibi
1020 1914 1181 2010 legimns
1195 1905 1221 1988 ⁴.
1242 1915 1408 1990 Ecclesia
1427 1920 1557 1990 autem
1577 1918 1642 2006 ibi,
1664 1938 1761 2012 quae
1781 1919 1841 1990 est
1859 1915 1992 2011 ingens
2014 1917 2053 1987 et

612 2039 725 2114 valde
753 2039 909 2133 pulchra
937 2043 977 2112 et
1004 2063 1105 2115 nova
1134 2041 1391 2136 dispositione,
1410 2046 1454 2115 nt
1472 2065 1562 2118 vere
1581 2041 1697 2138 digna
1724 2045 1784 2116 est
1811 2063 1891 2116 esse
1919 2041 2051 2114 domus

613 2156 720 2253 Dei;⁵
738 2169 779 2238 01
794 2165 974 2260 quoniam
989 2167 1114 2240 multa
1133 2170 1257 2258 erant,
1278 2192 1376 2263 quae
1395 2169 1449 2242 ibi
1468 2169 1729 2242 desiderabam
1745 2169 1890 2259 videre,
1905 2187 2054 2242 necesse

615 2312 674 2364 me
702 2290 777 2363 fuit
804 2289 858 2362 ibi
886 2291 1030 2366 stativa
1047 2293 1230 2366 triduana
1250 2293 1387 2368 facere.
1417 2295 1471 2368 Ac
1490 2295 1652 2389 sicergo
1673 2294 1752 2368 vidi
1771 2295 1811 2367 in
1839 2293 1973 2368 eadem
2002 2293 2053 2367 ci·

612 2417 776 2492 vitatam
804 2419 990 2512 martyria
1018 2417 1199 2513 plurima3
1228 2440 1393 2492 necnon
1412 2423 1452 2493 et
1474 2423 1625 2493 sanctos
1654 2417 1859 2493 monachos
1887 2441 2050 2493 comma·

615 2546 761 2634 nentes,
776 2543 870 2616 alios
890 2564 957 2638 per
977 2544 1176 2642 martyria,
1197 2544 1293 2617 alios
1312 2544 1463 2640 longius
1482 2544 1528 2618 de
1549 2545 1707 2619 civitate
1727 2545 1767 2618 in
1785 2544 2052 2618 secretioribus

616 2668 708 2742 locis
737 2668 923 2742 habentes
943 2670 1187 2742 monasteria.
1208 2669 1258 2742 Et
1278 2670 1459 2764 quoniam
1478 2673 1632 2745 sanctus
1651 2671 1849 2766 episcopus
1867 2671 1985 2766 ipsius
2004 2669 2053 2742 ci·

615 2793 762 2883 vitatis,
781 2793 837 2866 vir
850 2815 939 2869 vere
959 2793 1157 2888 religiosus
1173 2795 1292 2867 etiam
1311 2794 1530 2886 monachus,
1546 2799 1586 2870 et
1600 2795 1792 2870 confessor
1805 2787 1830 2887 ⁶,
1846 2795 2052 2891 suscipiens

613 2979 737 3058 regrina
758 2979 917 3041 civitatem
937 2979 1075 3042 Bathnas
1097 3001 1165 3042 cum
1179 2983 1306 3060 regione
1321 2984 1497 3046 Batanaeae
1516 2985 1570 3046 vel·
1587 2986 1691 3046 Basan
1711 2985 1831 3062 miscet,
1854 2981 2057 3045 similitudine

614 3079 746 3139 nominis
766 3079 799 3138 in
819 3099 954 3139 errorem
975 3079 1112 3158 delapsa.
1133 3081 1274 3142 Bathnae
1297 3083 1420 3159 quidem
1441 3084 1578 3144 millibus
1599 3084 1734 3162 quinque
1755 3086 1794 3144 ab
1815 3084 1976 3163 Euphrate
1997 3082 2056 3143 dis-

614 3178 694 3240 01100
715 3186 811 3244 erant,
827 3177 909 3254 quod
925 3199 943 3236 a
956 3177 1117 3257 Hierapoli
1131 3179 1228 3240 millia
1240 3181 1324 3239 XXI
1335 3181 1494 3242 distabant
1508 3182 1593 3261 (Itin.
1608 3183 1721 3244 Anton.
1737 3203 1766 3260 p.
1784 3184 1864 3260 191).
1883 3181 2020 3242 ‹Batne
2030 3227 2054 3240 ..

615 3277 653 3336 ab
674 3275 832 3354 Euphrate
853 3275 978 3344 flumina
1000 3275 1088 3338 brevi
1110 3279 1210 3356 spatio
1233 3279 1437 3358 disparatur»
1462 3281 1574 3360 (Amin.
1596 3280 1692 3342 Mara.
1713 3281 1803 3358 XIV,
1825 3282 1853 3356 3,
1875 3282 1916 3360 3).

696 3373 705 3409 ¹
721 3375 766 3436 Eo
781 3382 918 3453 tempore
934 3374 1032 3436 officio
1049 3376 1186 3454 episcopi
1200 3377 1392 3438 Bathnarum
1406 3377 1591 3458 fungebatur
1605 3380 1800 3456 Abraamius‚
1816 3380 1868 3458 qui
1882 3380 1982 3440 multa
1991 3399 2057 3457 000-

615 3473 688 3534 tulit
703 3474 761 3534 sub
774 3473 916 3552 Valente,
932 3473 1002 3534 ideo
1018 3473 1177 3535 confessor
1189 3477 1379 3553 nominatur;
1394 3485 1556 3556 praeterea
1569 3479 1751 3539 monachum
1766 3477 1951 3540 antefuisse
1966 3497 2057 3554 quam

615 3571 793 3650 episcopum
802 3591 883 3632 nunc
895 3573 1107 3650 comperimus.
1117 3573 1233 3633 Extant
1243 3575 1283 3634 ad
1295 3595 1364 3636 eum
1372 3575 1482 3636 Basilii
1494 3575 1646 3654 epistolae
1657 3577 1735 3636 duae
1744 3577 1816 3655 (315
1825 3574 1947 3654 et326).
1958 3573 2060 3634 0100

616 3669 725 3742 Quaen
748 3669 800 3730 Or.
825 3669 938 3730 010101.
960 3671 995 3729 H
1014 3691 1044 3749 p.
1066 3671 1134 3730 971.
1156 3671 1330 3750 Tillemont,
1353 3673 1512 3735 Mc'naoires
1528 3695 1612 3752 pour
1633 3677 1737 3735 l’Hist.
1758 3676 1843 3734 Eccl.
1865 3673 1921 3750 VI,
1937 3693 1967 3751 p.
1991 3672 2059 3730 577.

694 3765 820 3826 ²Amm.
842 3767 937 3828 Marc.
959 3767 1048 3842 XIV,
1070 3771 1098 3845 2,
1120 3769 1155 3828 3:
1179 3769 1371 3830 ‹Refertum
1390 3771 1613 3832 mercatoribus
1636 3772 1833 3851 opulentis.»

694 3865 844 3926 ³Edessa
863 3867 938 3926 urbs
960 3867 1135 3945 provinciae
1158 3867 1336 3930 osdroenae
1351 3889 1411 3930 uno
1429 3870 1480 3930 die
1495 3869 1650 3932 disiuncta
1671 3892 1689 3931 a
1710 3870 1842 3932 Bathnis
1865 3869 2007 3950 (Procop.
2023 3867 2061 3926 B.

615 3964 704 4024 Pers.
725 3963 769 4039 H,
792 3965 859 4043 12):
880 3963 925 4024 ibi
946 3985 1055 4044 corpus
1077 3967 1176 4027 sancti
1198 3967 1334 4030 Thomae
1355 3969 1488 4031 maxime
1509 3971 1675 4048 colebatur,
1697 3971 1796 4048 adque
1818 3970 1885 4030 eius
1912 3969 2063 4029 honorem

616 4060 748 4122 ecclesia
768 4061 902 4139 insignis
923 4062 1085 4124 aedificata
1106 4071 1172 4126 erat
1193 4073 1285 4143 atque
1307 4075 1436 4128 0000010.
1459 4068 1636 4147 Distinguit
1660 4069 1832 4146 Peregrina
1860 4067 2024 4128 ecclesiam
2044 4086 2063 4125 a

615 4159 763 4238 martyrio
785 4160 885 4220 000011
905 4160 1049 4238 Thomas
1071 4183 1151 4241 nam,
1176 4163 1331 4241 aliquanto
1356 4175 1428 4244 post
1452 4167 1519 4228 eius
1547 4167 1724 4245 adventum,
1751 4164 2063 4228 00003941000010-

615 4268 678 4320 tum
702 4266 752 4321 001
768 4261 942 4339 sepulcrum
957 4261 989 4320 in
1003 4261 1166 4322 ecclesiam
1181 4285 1200 4324 0
1215 4264 1294 4343 Oyro
1314 4266 1456 4344 episcopo
1473 4266 1597 4346 (Ohron.
1613 4267 1724 4328 Edess.
1741 4263 1788 4326 ed.
1805 4268 1843 4326 ab
1863 4267 2060 4326 Assemanno

615 4359 698 4420 Bibl.
721 4358 838 4419 Orient.
859 4360 876 4419 I
896 4381 926 4438 p.
948 4360 1030 4439 399):
1051 4367 1123 4420 ante
1143 4361 1241 4439 igitur
1262 4384 1331 4423 eum
1352 4385 1465 4424 annum
1486 4365 1600 4426 accidit
1620 4365 1688 4444 ejus
1709 4365 1929 4446 peregrinatio.

695 4457 892 4535 ⁴Aliquanta
912 4459 945 4518 in
965 4479 1076 4520 manus
1096 4460 1205 4521 habuit
1226 4483 1265 4522 ex
1284 4463 1374 4524 Actia
1400 4465 1499 4525 sancti
1525 4465 1672 4544 Thomae,
1700 4485 1778 4544 quae
1808 4463 1975 4544 apocripha
2003 4460 2063 4522 sub

617 4555 684 4633 ejus
707 4557 840 4633 apostoli
861 4555 983 4616 nomine
1004 4562 1077 4617 tunc
1098 4559 1314 4636 vulgabantur.

696 4651 1325 4717 111000010οἰ0011000000110110000100
1348 4657 1443 4736 (Hist.
1466 4659 1548 4720 Eccl.
1571 4661 1591 4720 l.
1613 4661 1669 4738 IV,
1691 4682 1717 4721 0.
1740 4661 1807 4741 18):
1836 4661 1902 4721 «l'n
1927 4681 1964 4721 00
1984 4661 2062 4722 urbe

617 4749 750 4811 illustris
771 4771 806 4811 ac
827 4751 991 4829 splendida
1006 4761 1055 4813 est
1069 4753 1206 4814 Basilica
1220 4755 1355 4816 Thomas
1371 4758 1512 4834 apostoli,
1527 4759 1560 4818 in
1575 4780 1636 4837 qua
1649 4767 1776 4840 propter
1790 4758 1850 4820 loci
1865 4760 2064 4820 sanctitatem

618 4845 765 4906 collectae
786 4847 852 4906 sine
873 4847 1100 4910 intermissione
1116 4851 1312 4911 celebrantur
1323 4875 1350 4912 ».
1365 4853 1480 4914 Narrat
1492 4853 1575 4916 idem
1589 4857 1732 4936 protinus
1750 4857 1917 4918 Valentem
1935 4858 2064 4937 impera

619 4951 726 5019 torem,
737 4964 805 5004 cum
815 4951 940 5023 propter
954 4947 1039 5008 illius
1053 4948 1317 5026 pulchritudinem
1329 4971 1407 5012 anno
1422 4955 1481 5012 372
1498 4956 1546 5033 (eo
1563 4955 1644 5015 enim
1660 4963 1798 5035 tempore
1814 4962 1880 5016 0001
1890 4956 2064 5034 renovata),

620 5061 687 5101 eam
706 5041 870 5102 videndam
891 5045 1071 5122 cupivisset,
1092 5048 1261 5108 catholicos
1283 5069 1299 5110 e
1325 5050 1391 5111 loco
1418 5050 1488 5112 eiici
1518 5060 1549 5112 et
1571 5053 1667 5114 arceri
1694 5055 1835 5114 iussisse.
1856 5054 1904 5114 Ea
1919 5053 2062 5128 00010010,

620 5138 740 5214 quando
761 5139 930 5218 Peregrina
942 5143 1003 5203 iter
1016 5143 1100 5218 fecit,
1118 5153 1274 5208 exstructa
1288 5155 1355 5208 erat
1369 5170 1446 5208 noca
1461 5154 1676 5226 dispositione:
1697 5173 1775 5230 quae
1789 5173 1840 5213 res
1856 5152 1896 5213 ed
1916 5151 2064 5212 Valentis

620 5241 743 5314 tempus
763 5237 906 5316 proprius
927 5241 1055 5318 accedit,
1076 5241 1110 5303 id
1131 5251 1180 5304 eat
1201 5245 1293 5322 paulo
1314 5253 1386 5324 0001
1406 5247 1475 5325 ejus
1495 5257 1639 5328 mortem,
1662 5259 1697 5311 ut
1719 5272 1757 5312 ex
1777 5252 1848 5312 01110
1869 5251 2065 5328 argumentis

623 5339 744 5410 0000101
763 5333 924 5397 deducere.

701 5431 775 5492 ⁶De
796 5433 927 5510 Eulogio
949 5437 1091 5516 00100000
1113 5435 1252 5502 Edessae
1275 5441 1326 5503 hic
1347 5443 1465 5521 agitur,
1487 5447 1541 5522 qui
1561 5454 1742 5524 persecutus
1765 5453 1813 5508 001
1834 5469 1853 5508 0
1872 5447 2015 5525 Valente,
2031 5453 2065 5507 01

623 5525 657 5587 10
678 5528 812 5590 Antinoo
839 5530 966 5593 civitate
993 5535 1131 5614 Aegypti
1158 5539 1332 5618 relegatus;
1360 5541 1442 5604 unde
1469 5543 1629 5607 confessor
1655 5552 1838 5607 nominatur.
1865 5547 1903 5606 In
1932 5545 2065 5623 Martyr.
