4622 6572
579 624 623 688 28
1209 641 1236 686 s.
1260 639 1390 684 archan

1967 729 2023 744 -Ρ,

579 859 782 936 veritatem
810 857 983 948 disceret,
1012 860 1057 930 ut
1084 856 1298 931 doctrinam
1325 855 1501 932 veritatis
1530 878 1576 931 er
1612 856 1762 932 ratione
1799 857 2021 954 susciperet,

579 987 625 1058 ut
651 983 849 1058 scientiam
877 982 981 1056 vitae
1009 983 1209 1075 tamquam
1237 982 1286 1054 ab
1313 981 1404 1075 ipsis
1433 980 1539 1054 cunis
1567 984 1751 1076 provecta
1779 985 2021 1076 sequeretur:
2092 1030 2097 1039 ·

579 1109 721 1183 scilicet
739 1129 817 1180 non
835 1106 1049 1201 ambigeret
1067 1104 1191 1178 Deum
1211 1127 1257 1179 ex
1277 1104 1369 1196 Dee,
1401 1127 1486 1181 cum
1515 1105 1701 1180 Dominus
1731 1107 1881 1201 plueret
1899 1131 1923 1181 a
1946 1108 2025 1183 Do·

579 1233 683 1306 mino
702 1253 779 1305 non
797 1231 993 1326 ignoraret
1011 1229 1136 1303 Deum
1155 1253 1274 1302 unum
1289 1229 1551 1304 innascibilem
1563 1221 1594 1304 ¹:
1615 1253 1700 1304 cum
1735 1231 1838 1306 Deus
1858 1233 2019 1323 iuberet,

579 1380 657 1432 non
683 1355 845 1430 nesciret
864 1355 989 1428 Deum
1009 1354 1267 1449 unigenitum:
1287 1376 1375 1428 cum
1394 1354 1497 1428 Deus
1518 1355 1671 1446 faceret,
1692 1377 1770 1428 non
1796 1357 2020 1452 ambigeret,

580 1482 682 1579 quod
710 1480 785 1553 duo
813 1502 933 1552 unum
962 1480 1060 1554 sint:
1091 1503 1177 1554 cum
1206 1503 1327 1552 unum
1355 1480 1567 1553 communis
1594 1479 1772 1574 imaginis
1799 1482 1840 1554 in
1867 1481 2022 1558 homine

580 1607 808 1683 conderetur
835 1605 1061 1699 exemplum,
1090 1627 1168 1679 non
1191 1605 1362 1700 negaret,
1391 1605 1542 1700 quando
1571 1604 1673 1678 Deus
1701 1606 1955 1682 inhominem
1959 1663 2020 1682 .....

688 1853 821 1946 (Mrdto
847 1855 980 1944 munt,
1006 1853 1152 1944 fortasse
1178 1855 1246 1926 duo
1273 1855 1513 1946 quaterniones
1539 1875 1598 1927 ssu
1614 1854 1762 1948 papinus
1780 1855 1926 1949 triginta
1952 1857 2030 1930 duc

795 1977 1072 2068 interciderunt.)

519 2257 555 2312 aa
585 2223 589 2334 Ι
616 2230 790 2327 patribus
817 2227 980 2324 genitos.
1009 2227 1059 2300 Et
1087 2229 1307 2322 promptum
1329 2230 1388 2301 est
1424 2227 1558 2302 audire
1587 2227 1752 2302 Paulum
1780 2229 2023 2324 gloriantem,

583 2356 683 2453 quod
702 2377 748 2430 ex
767 2352 950 2427 Hebraeis
970 2351 1141 2426 israelita
1170 2353 1222 2425 sit
1241 2351 1408 2425 detribu
1425 2353 1638 2426 Beniamin.
1657 2353 1758 2450 Ergo
1786 2375 1872 2428 cum
1892 2353 2026 2428 Heliae

584 2481 751 2556 officium
770 2478 821 2552 sit
839 2481 1059 2552 convertere
1088 2475 1201 2550 corda
1219 2478 1374 2572 patrum
1393 2476 1442 2548 ad
1464 2475 1573 2567 filios,
1603 2477 1795 2572 perfectae
1814 2478 1898 2552 eius
1916 2499 2025 2573 prae-

584 2603 784 2680 dicationis
813 2603 1037 2698 mysterium
1066 2605 1295 2693 reservatur,
1325 2603 1370 2675 ut
1397 2601 1446 2674 ad
1475 2621 1560 2674 eam
1585 2601 1700 2676 fidem
1719 2605 1849 2696 patres
1868 2624 2025 2678 conver·

583 2733 657 2820 tat,
687 2751 801 2823 quam
831 2727 908 2800 iam
936 2726 1105 2802 eiusdem
1133 2726 1291 2821 spiritus
1320 2725 1544 2821 prophetiae
1577 2725 1820 2802 confirmavit
1846 2727 1887 2800 in
1925 2726 2027 2802 filiis.

665 3104 770 3179 Finit
789 3104 991 3178 Tractatus
1010 3102 1282 3200 Mysteriorum
1303 3101 1340 3177 S.
1360 3101 1499 3176 Hilarii
1516 3103 1683 3198 episcopi
1703 3105 1751 3178 ab
1767 3103 1891 3178 Adam
1906 3125 2032 3200 usque

586 3231 633 3304 ad
662 3231 757 3324 Noe,
786 3229 921 3307 deinde
949 3229 1110 3322 ebrauc,
1131 3229 1250 3320 Isaac,
1271 3229 1397 3320 Iacob,
1426 3229 1579 3328 Moysis,
1609 3232 1649 3304 et
1678 3229 1771 3304 Osee
1799 3231 2027 3325 prophetae,

586 3359 627 3432 et
653 3353 800 3430 Heliae.

1013 3602 1206 3698 Incipiunt
1233 3601 1377 3699 Hymni
1405 3602 1591 3676 eiusdem.

734 3968 834 4051 elix²
862 3976 1047 4072 propheta
1074 3976 1211 4067 David,
1391 3974 1476 4065 dici,
1505 3968 1573 4046 ni4
1599 3975 1709 4068 pater
1738 3976 1808 4063 est,

733 4103 877 4196 primus
905 4101 1039 4195 organi
1392 4098 1506 4194 quod·
1521 4099 1629 4193 pater
1656 4099 1708 4170 sit
1735 4097 1883 4192 potasti

592 3999 774 4399 Fin
802 4247 914 4300 carne
942 4223 1136 4299 Christum
1337 4181 1410 4296 Bis
1437 4221 1547 4295 nobis
1574 4220 1702 4315 genite
1730 4219 1844 4310 Deae,

605 4331 610 4348 '¹
673 4341 851 4448 hymnis³
878 4349 1021 4423 mundo
1047 4349 1244 4423 nuntians,
1391 4343 1550 4433 Christe,
1580 4343 1671 4416 dum
1700 4342 1834 4415 innato

590 4452 699 4560 Ante
727 4474 880 4548 saecula
907 4474 974 4568 qui
1001 4495 1171 4564 manens,
1390 4491 1547 4543 nascens
1575 4491 1598 4539 a
1626 4468 1719 4560 Dee,

645 4620 866 4694 semperque
893 4601 996 4688 nate,
1390 4595 1452 4671 vel
1471 4593 1562 4665 dum
1582 4613 1806 4687 corporeum
1824 4594 1864 4665 et
1882 4590 2013 4666 Deum

644 4743 793 4816 semper
820 4725 866 4795 ut
892 4723 951 4795 est
979 4722 1111 4808 Pater;
1390 4718 1532 4791 mundo
1560 4721 1600 4792 te
1627 4717 1762 4812 genuit

646 4867 810 4942 namque
838 4849 878 4920 te
905 4845 986 4920 sine
1015 4843 1204 4939 quomodo
1390 4842 1507 4937 Virgo
1535 4862 1733 4938 puerpera.

674 5092 682 5124 ¹
699 5084 787 5146 Haec
806 5103 867 5146 vox
886 5086 1079 5148 innascibilis
1097 5085 1130 5145 in
1152 5085 1294 5164 operibus
1316 5083 1410 5146 editis
1432 5089 1523 5161 atque
1540 5082 1663 5162 hymnis
1682 5079 1796 5142 Hilarii
1816 5079 1973 5158 reperitur
1997 5116 2037 5127 -

594 5182 711 5244 ‘Hunc
733 5183 880 5262 hymnum
900 5181 939 5244 de
961 5182 1078 5245 Ohristi
1099 5182 1263 5245 divinitate
1283 5182 1450 5244 subtilibus
1471 5186 1562 5258 sique
1583 5179 1810 5242 obscurioribus
1830 5177 1932 5239 modis
1953 5177 2038 5240 ince-

593 5279 719 5340 dentem
738 5278 778 5339 ad
798 5278 978 5342 firmandam
997 5281 1030 5341 in
1049 5281 1162 5360 populo
1177 5277 1358 5342 catholicam
1371 5275 1465 5340 fidem
1478 5284 1585 5340 contra
1601 5277 1735 5338 Arianos
1755 5273 1928 5354 composuit
1947 5275 2038 5336 Hila-

594 5379 660 5440 rius
679 5407 716 5419 -
736 5377 863 5458 ⁸ymnis
883 5409 919 5422 -
940 5379 1041 5440 ‘Goth
1063 5380 1166 5441 dioini.
1189 5378 1355 5442 Construe:
1369 5378 1509 5456 Namque
1523 5375 1673 5456 quomodo
1694 5375 1761 5437 sine
1781 5381 1814 5436 te
1833 5379 1940 5453 potest
1960 5373 2036 5452 dici,

596 5477 677 5556 quod
697 5484 786 5556 pater
807 5477 857 5555 sit,
879 5477 911 5537 ni
931 5483 1019 5555 pater
1040 5479 1108 5540 cst?
