4622 6572
577 613 621 682 30
1206 632 1233 678 a.
1256 631 1384 678 mnnnn

580 813 615 925 0
645 855 736 929 felix
765 856 884 929 duum
912 857 1052 946 unitae,
1323 816 1460 930 Rebus
1490 856 1660 930 anterior
1688 855 1790 931 Deus

632 981 731 1054 alter
759 981 825 1077 qui
854 1004 938 1056 eum
968 984 1019 1055 sit
1376 983 1533 1072 cambia,
1562 1005 1652 1055 nam
1680 1003 1747 1077 per
1774 1003 1864 1054 eum

630 1106 775 1180 mixtus
802 1106 843 1180 in
871 1108 1006 1196 altare,
1376 1107 1504 1180 omnia
1532 1107 1636 1182 faeta
1664 1110 1766 1196 sunt,

629 1255 749 1304 unum
777 1234 830 1305 sio
857 1231 1005 1307 faciunt
1032 1233 1120 1323 duo,
1375 1237 1475 1308 esset
1502 1255 1589 1306 eum
1615 1232 1780 1306 nihilum
1807 1232 1936 1322 mode,

629 1356 680 1429 sia
707 1357 747 1430 in
776 1355 922 1430 duobus
1374 1359 1560 1432 mundum
1589 1380 1768 1455 corporeo

629 1504 714 1556 eum
743 1483 843 1578 quod
873 1485 932 1557 est
959 1482 999 1556 in
1027 1483 1161 1557 albero.
1375 1483 1544 1558 condidit
1573 1485 1611 1556 in
1640 1487 1758 1557 ababa.

575 1578 693 1690 Patri
718 1608 783 1683 sed
810 1607 962 1704 genibus
991 1611 1101 1702 parat
1323 1565 1403 1683 Sed
1431 1631 1500 1683 nos
1527 1611 1661 1683 limera
1689 1633 1766 1683 non
1795 1608 1900 1700 sinit,

629 1754 857 1828 omnemque
886 1732 1102 1807 adnutum
1374 1757 1441 1830 per
1468 1757 1583 1829 quam
1610 1738 1650 1810 ta
1678 1734 1851 1830 genitum

629 1861 821 1934 attonitus
849 1861 992 1949 manat,
1375 1861 1606 1934 concinimus
1638 1861 1769 1952 Deum,

628 1986 668 2058 et
696 1982 791 2057 seire
818 2004 895 2056 non
923 1986 981 2056 est
1009 1981 1183 2072 arduum,
1374 1988 1493 2079 gesta,
1524 2005 1621 2079 qnae
1648 1988 1718 2057 tua
1746 1988 1849 2076 suna,
1878 1982 2002 2078 loqui,

630 2106 721 2202 quid
749 2107 856 2197 velit,
886 2127 925 2181 se
953 2129 992 2181 se
1375 2131 1602 2205 carmenque
1631 2112 1781 2200 natum,

628 2237 694 2331 qui
721 2256 835 2330 penas
863 2237 922 2308 est
949 2237 1071 2330 pater.
1375 2234 1452 2307 iam
1480 2234 1546 2329 qui
1574 2257 1657 2308 eras
1685 2235 1799 2309 Deus,

576 2329 735 2448 Quanta
764 2362 823 2433 est
851 2359 1003 2454 genibus
1031 2359 1071 2432 in
1099 2357 1211 2448 bona,
1322 2315 1384 2432 Te
1411 2359 1556 2433 cunctis
1585 2358 1792 2432 Dominum
1820 2357 1945 2431 modis

628 2509 718 2558 nam
747 2485 981 2559 constitutus
1375 2483 1568 2558 coelorum
1596 2503 1726 2576 regem

627 2610 667 2682 in
696 2612 918 2684 euncborum
948 2609 1114 2698 exordia,
1373 2611 1414 2682 eb
1441 2609 1613 2683 coelashis
1641 2606 1799 2703 gloriae,

628 2734 791 2810 condens
819 2736 885 2830 qui
912 2733 1078 2830 primum
1113 2733 1264 2808 saecula
1371 2737 1418 2806 ub
1445 2736 1582 2808 ennaea
1609 2755 1677 2828 per
1704 2736 1744 2807 ‘ee
1772 2730 1931 2806 condita

629 2863 829 2934 aeternum
856 2859 896 2933 in
923 2861 1072 2934 motum

629 2988 803 3079 tempora
831 2983 1005 3080 protulit.

643 3467 729 3562 (Sea
753 3467 839 3560 folia
865 3490 908 3542 ea
934 3470 1152 3563 quaternione
1180 3468 1300 3544 avulsa
1326 3475 1416 3561 sant,
1444 3470 1483 3543 ἑά
1509 3473 1559 3544 ast
1579 3469 1731 3562 papiana
1759 3470 1955 3563 decedea'm)

511 3990 547 4044 ae
573 3935 763 4061 Fefellib¹
794 3963 973 4048 saevam²
1001 3972 1169 4049 Verbum
1318 3933 1438 4049 Hanc
1466 3979 1583 4050 sumis
1612 3981 1704 4052 ante
1732 4000 1911 4075 pompam

628 4095 773 4169 factum
802 4099 842 4170 et
869 4119 978 4172 caro:
1375 4099 1477 4173 tanti
1504 4101 1650 4195 proelii,

629 4217 776 4315 Deique
805 4222 892 4295 tota
922 4221 1000 4296 vivi
1376 4227 1522 4319 spuma,
1551 4224 1714 4322 flagella,

627 4343 668 4416 in
695 4366 830 4440 corpus
859 4345 984 4421 irruis.
1373 4348 1472 4422 ictus
1485 4343 1509 4440 ⁴,
1539 4371 1645 4423 cassa
1672 4351 1910 4426 harundinis.

578 4425 734 4544 Gaudes
762 4470 996 4565 pendentem
1024 4462 1203 4548 carnem³
1318 4431 1414 4546 Ibat
1441 4474 1636 4570 triumpho
1665 4467 1796 4551 mors⁵

627 4591 733 4687 ligno
762 4617 849 4668 cum
877 4594 1009 4687 crucio,
1371 4603 1525 4695 sumpta
1552 4605 1705 4676 mortuo

627 4717 774 4812 tibique
802 4720 973 4794 membra
1371 4723 1473 4799 Deus
1500 4725 1647 4800 inferno
1677 4728 1778 4802 vinei

627 4838 703 4913 fixa
731 4842 847 4917 clavis
875 4843 1056 4934 vindicaa
1370 4871 1487 4945 regno
1516 4851 1696 4926 nesciens.

655 5193 663 5227 ¹
681 5184 846 5249 Guiuadam
859 5188 1032 5270 neophytae
1045 5191 1176 5272 hymnus
1191 5193 1230 5256 de
1245 5191 1362 5257 christi
1375 5199 1598 5262 resurreetione
1608 5220 1614 5260 :
1626 5200 1748 5262 initium
1762 5199 1962 5266 desideratur
1978 5243 2023 5256 —

574 5287 585 5322 ²
600 5279 745 5362 Intellige
755 5291 885 5347 mortem
897 5317 934 5329 -
948 5297 959 5330 ⁸
974 5289 1074 5350 earnis
1088 5325 1129 5337 -
1142 5298 1153 5331 ⁴
1168 5291 1270 5354 hiatus
1284 5321 1320 5334 -
1334 5301 1345 5334 ⁶
1360 5300 1499 5358 mortem.
1514 5295 1677 5360 Fortasse:
1692 5297 1845 5379 triumpho
1858 5299 1897 5362 de
1913 5313 2020 5370 morte

574 5386 695 5462 sumpto
716 5388 882 5446 emortuo.
