4622 6572
577 673 620 736 58
1065 693 1091 734 11.
1116 692 1248 736 srtvluu
1273 693 1519 740 rnneuulds‘rlo

580 785 639 792 μ...-
670 785 749 792 -.«..-.
800 786 816 791 .-
834 785 921 792 .-.-..--
944 787 970 792 1-
999 786 1025 790 --
1054 785 1150 791 .----—
1365 788 1370 790 .
1395 786 1437 792 -η
1457 786 1560 792 --..-..--
1586 787 1601 790 --
1619 785 2018 794 .-.-.-.-.-.-.---,--------

488 894 490 934 ³
578 936 654 988 non
682 915 775 988 satis
803 913 968 1010 grandis,
997 915 1062 988 sed
1090 915 1214 989 factus
1242 915 1340 990 sicut
1368 915 1492 990 solent
1519 937 1599 990 esse
1626 915 1796 1006 tumbae,
1817 915 1881 989 sed
1901 935 2014 1008 gran-

579 1037 650 1112 dis:
672 1040 725 1112 ibi
744 1063 832 1135 ergo
861 1040 901 1113 in
929 1063 1077 1114 summo
1105 1041 1261 1116 ecclesia
1289 1044 1360 1131 eet,
1387 1043 1426 1116 at
1454 1039 1631 1115 deorsum
1659 1063 1725 1138 per
1753 1040 1876 1136 girum
1896 1040 2015 1136 ipsius

578 1165 743 1239 colliculi
769 1169 906 1262 parent
934 1166 1186 1241 fundamenta
1212 1167 1372 1263 grandia
1401 1169 1571 1262 antiqua.
1593 1167 1704 1241 Nunc
1724 1170 1854 1242 autem
1874 1167 2014 1264 inipso

578 1290 662 1365 vico
690 1293 827 1366 turbae
855 1293 1077 1387 aliquantae
1105 1264 1377 1380 commaneutll
1388 1293 1468 1388 ligo
1496 1295 1627 1367 autem
1656 1315 1743 1366 cum
1771 1292 1940 1368 viderem
1959 1293 2014 1366 lo·

493 1439 497 1444 ’
578 1439 663 1491 cum
692 1421 773 1491 tam
802 1422 968 1513 gratum,
998 1418 1191 1515 requisivi,
1218 1417 1392 1514 quisnam
1411 1419 1515 1492 locus
1541 1421 1640 1492 esset
1659 1412 1722 1490 ille
1741 1420 1824 1491 tam
1844 1438 2013 1492 amenus.

579 1543 685 1616 'lunc
712 1543 856 1617 dictum
876 1547 935 1617 est
953 1543 1079 1618 michi:
1100 1544 1193 1618 haec
1213 1547 1270 1617 est
1290 1543 1425 1618 civitas
1445 1544 1544 1639 regis
1563 1544 1730 1634 Melchis,
1751 1547 1791 1619 et
1809 1544 1902 1618 haec
1921 1564 2016 1639 quae

579 1669 681 1745 dicta
709 1673 768 1743 est
795 1672 886 1744 ante
915 1669 1052 1760 Salem,
1083 1669 1182 1744 unde
1211 1691 1322 1755 nunc,
1352 1673 1530 1766 corrupto
1560 1684 1745 1758 sermone,
1770 1669 1924 1743 Sedima
1951 1693 2015 1765 ap·

515 1808 552 1866 re
579 1796 747 1892 pellatur
765 1797 843 1892 ipse
863 1788 1000 1870 vicus¹.
1021 1797 1118 1869 Nam
1140 1797 1179 1869 in
1198 1795 1272 1870 isto
1293 1795 1478 1887 colliculo,
1503 1795 1508 1888 1
1534 1796 1600 1892 qui
1619 1799 1678 1870 est
1696 1795 1820 1870 medio
1841 1796 1925 1872 vico
1953 1819 2016 1892 po·

580 1921 690 2013 situs,
705 1921 745 1994 in
760 1921 1024 1996 summitatem
1043 1921 1159 2018 ipsius
1179 1922 1375 2012 fabricam,
1392 1946 1506 2019 quam
1523 1921 1639 2012 videS,
1656 1921 1812 1996 ecclesia
1832 1925 1903 1994 est:
1920 1943 2017 2016 quae

541 2087 545 2098 ·
580 2047 737 2121 ecclesia
756 2070 856 2121 nunc
875 2047 1092 2142 appellatur
1110 2069 1221 2143 greco
1241 2069 1426 2139 sermone,
1448 2071 1523 2144 opu
1542 2047 1698 2122 melchis
1709 2037 1733 2119 ².
1749 2047 1799 2119 Et
1817 2046 1911 2120 haec
1928 2068 2017 2118 nem

579 2173 640 2247 hic
668 2177 726 2248 est
753 2173 870 2263 locus,
900 2173 965 2246 ubi
994 2173 1137 2268 optulit
1165 2166 1438 2248 Melchisedech
1480 2173 1598 2246 ostias
1626 2173 1705 2246 Deo
1734 2189 1861 2268 puras,
1893 2171 2019 2246 idest

579 2319 694 2393 panes
723 2300 763 2373 et
793 2297 935 2388 vinum,
965 2297 1065 2372 sicut
1092 2298 1276 2394 scriptum
1304 2300 1362 2372 est
1392 2321 1479 2372 eum
1510 2298 1640 2373 fecisse
1655 2289 1680 2371 ³.

528 2393 623 2546 W
660 2423 799 2498 Statim
829 2445 930 2518 ergo,
961 2426 1007 2495 ut
1034 2423 1129 2497 haec
1157 2422 1299 2512 audivi,
1329 2423 1590 2498 descendimus
1618 2423 1664 2497 dc
1694 2421 1946 2496 animalibus:
1979 2425 2020 2496 et

579 2571 663 2624 ecce
692 2568 888 2622 occurrere
917 2546 1097 2643 dignatus
1125 2551 1184 2622 est
1212 2551 1366 2622 sanctus
1395 2547 1581 2644 presbiter
1609 2547 1726 2643 ipsius
1755 2549 1839 2636 loci,
1874 2549 1914 2621 et
1948 2547 2020 2621 cle-

579 2673 659 2762 rici;
679 2673 746 2768 qui
774 2695 842 2745 nos
869 2673 1004 2746 statim
1032 2673 1277 2769 suscipientes
1307 2673 1499 2748 duxerunt
1518 2695 1604 2746 suso
1634 2672 1683 2744 ad
1712 2670 1920 2746 ecclesiam.
1946 2669 2021 2743 Ubi

580 2821 665 2873 cum
686 2797 933 2888 venissemus,
954 2799 1086 2873 statim
1103 2800 1212 2874 iuxta
1227 2800 1538 2874 consuetudinem
1555 2800 1720 2896 primunr
1740 2799 1843 2872 facta
1861 2800 1921 2871 est
1935 2819 2020 2870 ora·

581 2926 648 2999 tio:
677 2924 813 2999 deinde
841 2925 963 3000 lectus
991 2929 1051 2998 est
1079 2928 1156 3021 ipse
1185 2926 1289 3000 locus
1319 2927 1364 3001 de
1393 2927 1490 3000 libro
1519 2926 1644 3000 sancti
1664 2925 1799 3021 Moysi,
1819 2924 1944 2998 dictus
1962 2925 2023 2996 est

581 3053 698 3125 etiam
728 3052 894 3147 psalmus
924 3074 1022 3124 unus
1051 3055 1267 3147 competens
1296 3053 1378 3126 loco
1406 3052 1488 3146 ipsi:
1519 3054 1560 3125 et
1579 3051 1702 3125 denuo
1723 3050 1826 3125 facta
1845 3051 2022 3123 oratione

581 3176 855 3251 descendimus.
886 3175 980 3249 Cum
1005 3198 1095 3271 ergo
1116 3177 1451 3266 descendissemus,
1478 3176 1535 3250 ait
1552 3176 1661 3248 nobis
1680 3175 1745 3250 ille
1763 3178 1918 3249 sanctus
1937 3193 2022 3269 pre-

581 3303 701 3375 sbiter
728 3302 805 3374 iam
823 3301 959 3375 senior
987 3305 1027 3375 et
1055 3302 1100 3376 de
1128 3301 1325 3399 scripturis
1352 3304 1447 3376 bene
1477 3303 1700 3391 instructus,
1730 3301 1768 3373 id
1787 3304 1846 3375 est
1864 3300 1931 3395 qui
1949 3299 2023 3396 ipsi

580 3429 662 3502 loco
692 3431 843 3523 preerat
862 3450 907 3502 ex
932 3431 1130 3522 monacho,
1160 3430 1220 3504 cui
1240 3430 1451 3525 presbitero
1470 3433 1511 3503 et
1529 3428 1693 3523 episcopi
1712 3428 1881 3523 plurimi,
1900 3450 2021 3522 quan·
2067 3436 2070 3440 ’

580 3557 665 3626 tum
693 3551 937 3650 postmodum
965 3555 1223 3650 cognovimus,
1241 3554 1344 3628 vitae
1374 3553 1493 3649 ipsius
1521 3550 1784 3627 testimonium
1804 3551 1948 3648 grande
1967 3550 2021 3624 fe-

581 3680 731 3753 rebant.
761 3678 860 3752 Nam
889 3679 960 3753 hoo
987 3678 1033 3752 de
1062 3679 1143 3774 ipso
1172 3678 1359 3770 dicebant,
1381 3679 1516 3774 dignus
1538 3678 1604 3774 qui
1623 3678 1740 3773 presit
1768 3678 1808 3751 in
1836 3677 2023 3766 hocloco,
2103 3761 2112 3776 ι

582 3805 649 3879 ubi
676 3809 830 3879 sanctus
859 3804 1132 3880 Melchisedech
1170 3805 1438 3880 advenientem
1466 3808 1640 3879 sanctum
1674 3803 1842 3877 Abraam
1877 3802 2024 3876 hostias

582 3932 662 4007 Deo
690 3953 805 4026 puras
832 3931 977 4028 primus
1005 3931 1158 4027 optulit.

663 4056 758 4130 (lum
773 4077 863 4152 ergo
882 4055 1213 4146 descendissemus‚
1232 4059 1276 4129 ut
1291 4054 1463 4152 superius
1477 4054 1568 4146 dixi,
1589 4054 1634 4128 de
1657 4053 1812 4128 ecclesia
1833 4052 2022 4142 deorsum,

584 4182 641 4255 ait
667 4181 775 4254 nobis
803 4183 883 4276 ipse
910 4185 1063 4256 sanctus
1082 4182 1286 4276 presbiter:
1303 4181 1395 4255 Ecce
1416 4181 1492 4254 ista
1512 4179 1763 4254 fundamenta
1782 4179 1820 4251 111
1841 4179 1924 4274 giro
1945 4177 2021 4252 col-

582 4308 697 4382 liculo
715 4307 801 4396 isto,
822 4331 918 4402 quae
947 4308 1097 4398 videtis,
1128 4308 1199 4381 hae
1227 4311 1317 4380 suut
1345 4306 1391 4380 de
1419 4307 1563 4402 palatio
1584 4307 1682 4401 regis
1702 4303 1975 4380 Melchisedech
1994 4299 2021 4376 ⁴.

666 4573 673 4608 ¹
692 4569 814 4652 Optime
829 4571 948 4633 adrem
963 4578 1136 4649 congruunt
1151 4572 1245 4633 verba
1259 4569 1442 4648 Hieronymi
1457 4567 1571 4648 (Epist.
1586 4567 1626 4628 ad
1640 4565 1874 4646 Evangelium):
1893 4588 1908 4624 (1
1920 4564 2025 4627 Salem

584 4677 687 4733 autem
706 4692 777 4749 nou,
797 4679 833 4732 ut
852 4670 1005 4750 Iosephus
1027 4676 1059 4731 et
1079 4669 1178 4731 nostri
1200 4689 1305 4731 omues
1327 4667 1532 4746 arbitrantur,
1555 4687 1625 4729 esse
1646 4665 1831 4743 Ierusalem,
1864 4707 2024 4728 ......

585 4772 641 4833 sed
662 4771 807 4850 oppidum
828 4769 914 4830 iuxta
934 4769 1154 4850 Scythopolim,
1175 4769 1257 4848 quod
1269 4789 1366 4847 usque
1380 4767 1472 4829 hodie
1487 4766 1662 4846 appelletur
1675 4765 1786 4843 Salem,
1801 4771 1833 4826 et
1849 4763 2026 4826 ostenditur

585 4867 628 4929 ihi
642 4866 791 4946 palatium
802 4866 1043 4944 Melchisedech,
1058 4887 1096 4928 ex
1109 4867 1322 4946 magnitudine
1337 4865 1502 4940 ruinarum,
1517 4864 1634 4926 veteris
1650 4861 1752 4942 operis
1775 4861 1943 4924 ostendens
1965 4881 2027 4922 ma·

586 4965 833 5044 gnifioentiam».
856 4964 967 5026 Chrou.
989 4965 1140 5026 Paschale
1156 4965 1207 5046 (de
1222 4963 1480 5044 Melchisedech):
1503 4986 1520 5021 ‹
1534 4969 1583 5040 Εἰς
1607 4965 1645 5028 rb
1668 4966 1763 5054 πέραν
1787 4973 1842 5026 τοῦ
1871 4953 2025 5052 Ἰορδάνου

446 5050 468 5152 ’.1
587 5070 628 5140 εἰς
654 5065 768 5152 Σ1111μ
791 5059 890 5148 πόλιν,
916 5061 950 5130 ob
974 5064 1032 5136 mlv
1050 5065 1160 5154 κώμην
1177 5064 1353 5153 ἐθεασάμην
1366 5090 1396 5127 ν.
1412 5061 1504 5136 Quod
1518 5082 1578 5122 nou
1593 5080 1679 5122 vere:
1695 5079 1766 5120 nem
1779 5079 1841 5119 non
1862 5059 1947 5120 ultro
1969 5057 2027 5120 sed

588 5167 666 5220 citra
687 5160 850 5221 lordonum
871 5159 1018 5240 oppidum
1039 5161 1142 5222 Salem
1161 5160 1260 5222 fuisse
1281 5159 1413 5222 videtur.

667 5256 679 5292 ²
694 5258 765 5338 Opu
777 5257 909 5320 Molchia
924 5279 979 5338 pro
996 5261 1086 5351 Ὄρος
1111 5262 1236 5350 Μελχίς,
1251 5260 1357 5321 littera
1377 5265 1495 5320 mutate
1507 5267 1634 5339 propter
1648 5259 1764 5321 formae
1779 5255 2027 5320 similitudinem.

668 5357 807 5419 ³Genes.
830 5357 918 5436 XIV,
942 5359 1038 5418 1820.

644 5496 647 5504 ·
668 5455 741 5516 ⁴De
762 5455 924 5517 ruderibus
946 5455 1053 5534 palatii
1074 5455 1305 5519 Melchisedech
1325 5466 1462 5536 tempore
1484 5477 1509 5518 s.
1529 5455 1712 5535 Hieronymi
1741 5455 1935 5530 extantibus,
1957 5473 2028 5514 eum

589 5557 744 5614 auctorem
765 5553 872 5629 secuti,
894 5554 1026 5616 diximus
1048 5575 1140 5634 supra
1159 5555 1190 5615 111
1212 5555 1323 5616 Salem.
