4604 6560
728 673 772 716 sn
796 671 881 718 cocu
903 667 1031 715 sanor-r
1053 667 1108 714 nr.
1132 673 1230 716 ossen
1654 639 1698 708 93

263 891 408 967 riothes
436 889 536 964 hivit
562 889 612 962 ad
638 888 792 976 Judeos,
811 887 985 962 definivit
1011 886 1103 982 quid
1131 888 1167 960 ei
1191 885 1338 974 darent,
1358 887 1404 957 ut
1431 883 1604 956 traderet
1625 881 1699 957 Do·

263 1017 421 1090 minum.
450 1014 523 1102 oui
549 1015 655 1088 locus
682 1013 749 1086 ubi
776 1013 897 1088 lectus
932 1012 1061 1102 fuerit,
1099 1013 1234 1085 tantus
1270 1009 1421 1104 rugitus
1455 1011 1497 1082 et
1528 1007 1700 1102 mugitus

264 1145 323 1216 est
349 1141 472 1215 totius
499 1139 641 1236 populi,
673 1143 717 1212 ut
743 1137 873 1211 nulius
900 1138 963 1225 sit,
979 1137 1044 1231 qui
1063 1137 1209 1210 moveri
1228 1156 1305 1209 non
1324 1133 1444 1232 possit
1463 1133 1501 1206 in
1520 1131 1699 1206 lacrimis.

264 1267 308 1340 In
337 1289 383 1342 ee
409 1266 505 1340 hora
531 1263 774 1360 postmodum
793 1262 838 1336 fit
856 1262 993 1351 oratio,
1013 1261 1293 1337 benedicuntur
1311 1257 1577 1346 cathecumini,
1598 1259 1701 1354 post·

266 1390 419 1464 modum
440 1388 583 1483 fideles,
602 1392 643 1464 et
661 1388 705 1462 fit
723 1389 850 1463 missa.
870 1387 969 1463 Item
989 1378 1144 1483 quinta¹
1165 1387 1261 1462 feria
1279 1388 1448 1482 aguntur
1466 1406 1511 1459 ca
1531 1383 1577 1457 de
1596 1383 1701 1479 pullo

265 1515 399 1611 primo,
429 1537 528 1610 quae
555 1513 840 1590 consuetudinis
868 1516 927 1587 est
953 1533 1073 1607 usque
1100 1512 1148 1586 ad
1167 1534 1280 1586 mane
1299 1511 1348 1586 ad
1367 1511 1576 1584 Anastaso:
1600 1507 1702 1582 simi·

266 1639 355 1712 liter
382 1641 423 1714 et
449 1637 499 1712 ad
525 1638 655 1728 tertia,
684 1640 725 1710 et
752 1636 802 1711 ad
828 1640 948 1711 sexta.
976 1635 1120 1711 Octava
1148 1639 1279 1710 autem
1304 1635 1399 1709 hora
1418 1636 1527 1708 iuxta
1547 1655 1702 1710 consue·

265 1762 440 1838 tudinem
459 1762 509 1836 ad
527 1762 756 1857 Martyrium
776 1761 930 1856 colliget
950 1783 989 1836 se
1009 1761 1132 1837 omnis
1150 1761 1312 1857 populus
1325 1782 1334 1833 ε
1349 1763 1552 1857 propterea
1572 1761 1703 1833 autem

265 1887 488 1983 temporius,
517 1909 633 1983 quam
661 1888 797 1962 ceteris
824 1886 969 1977 diebus,
998 1887 1089 1981 quia
1116 1885 1229 1960 citius
1256 1885 1373 1958 missa
1400 1883 1517 1957 fictur
1552 1905 1704 1958 necesse

267 2013 337 2086 est.
366 2011 504 2106 Itaque
532 2033 624 2107 ergo
650 2010 808 2086 collecto
828 2011 931 2084 omni
951 2008 1091 2106 populo
1111 2011 1291 2104 aguntur,
1311 2030 1409 2104 quas
1429 2007 1576 2100 agenda
1595 2009 1702 2081 sunt:

267 2137 312 2210 fit
339 2137 421 2233 ipsa
448 2137 511 2212 die
539 2136 685 2210 oblatio
713 2135 763 2208 ad
788 2134 1033 2230 Martyrium,
1063 2137 1104 2210 et
1131 2135 1273 2208 facitur
1295 2135 1411 2208 missa
1429 2134 1524 2207 hora
1542 2132 1704 2238 forsitan

267 2261 424 2336 decima.
453 2261 598 2336 Ibidem
628 2264 743 2336 antea
771 2262 902 2333 autem
931 2281 1046 2355 quam
1074 2257 1144 2332 fiac
1170 2259 1296 2349 missa,
1324 2259 1457 2333 mittet
1485 2262 1614 2333 vocem
1643 2281 1704 2330 ar·

268 2386 524 2474 chidiaconus,
552 2390 593 2461 et
620 2384 742 2460 dicet:
771 2383 876 2458 Hora
904 2385 1027 2478 prima
1053 2384 1176 2459 noctis
1204 2406 1333 2459 omnes
1360 2384 1401 2457 in
1418 2383 1586 2473 ecclesie,
1607 2403 1705 2477 quae

268 2511 327 2584 est
354 2510 394 2582 in
422 2509 565 2583 Eleona
592 2507 873 2598 conveniamus,
904 2509 1085 2603 quoniam
1113 2507 1301 2581 maximus
1329 2507 1439 2582 labor
1457 2505 1567 2581 nobis
1586 2507 1707 2580 instet

268 2632 381 2708 hodie
407 2637 521 2708 nocto
549 2633 636 2706 ista.
666 2633 783 2707 Facta
811 2653 901 2728 ergo
929 2633 1043 2707 missa
1070 2633 1248 2729 Martyrii
1267 2633 1374 2708 venit
1401 2635 1489 2728 post
1506 2623 1704 2707 Orrrcem²:

270 2756 409 2831 dicitur
436 2755 491 2830 ibi
518 2777 618 2830 unus
644 2777 784 2852 ymnus
812 2759 988 2830 tantum:
1017 2755 1064 2830 fit
1091 2758 1237 2831 oratio:
1274 2759 1315 2830 et
1349 2757 1484 2831 offeret
1510 2757 1707 2852 episcopus

270 2881 325 2957 ibi
352 2881 598 2972 oblationem,
636 2885 676 2956 θὴ
712 2881 996 2956 communicant
1023 2903 1165 2955 omnes.
1204 2881 1371 2978 Excepta
1402 2883 1503 2956 enim
1531 2883 1613 2977 ipsa
1645 2881 1706 2956 dio

270 3028 347 3078 una
374 3025 442 3101 per
468 3008 596 3079 totum
625 3025 769 3096 annum
796 3027 993 3100 nunquam
1023 3005 1197 3078 offeritur
1223 3008 1310 3099 post
1338 3004 1508 3095 Crucem,
1530 3005 1603 3080 nisi
1623 3006 1708 3101 ipsa

271 3129 331 3204 die
358 3133 526 3204 tantum.
555 3129 674 3203 Facta
700 3151 790 3224 ergo
818 3131 859 3203 et
876 3129 930 3203 ibi
949 3129 1076 3219 missa,
1097 3130 1177 3202 itur
1196 3129 1244 3202 ad
1263 3128 1474 3205 Anastase:
1494 3129 1541 3203 fit
1559 3131 1706 3206 oratio:

269 3255 548 3330 benedicuntur
574 3254 684 3328 iuxta
711 3254 1025 3330 consuetudinem
1053 3254 1308 3330 cathecumini
1342 3259 1383 3329 et
1416 3255 1468 3330 sic
1495 3254 1636 3346 fideles,
1666 3259 1708 3330 et

269 3377 316 3453 fit
341 3381 468 3452 missa.
497 3379 547 3453 Et
573 3379 626 3454 sic
655 3381 913 3475 unusquisque
940 3380 1099 3454 festinat
1125 3381 1267 3464 reverti
1286 3381 1326 3453 in
1346 3381 1501 3454 domum
1520 3403 1642 3471 suam,
1663 3383 1708 3457 ut

270 3504 494 3593 manducet3
515 3504 606 3599 quia
624 3505 769 3595 statim,
789 3506 835 3578 ut
853 3504 1181 3596 manducaverint,
1198 3529 1328 3580 omnes
1348 3506 1490 3581 vadent
1509 3507 1549 3579 in
1564 3507 1707 3580 Eleona
1834 3561 1839 3572 .

270 3629 311 3702 in
338 3629 494 3703 ecclesia
521 3650 578 3718 ee,
607 3629 646 3701 in
675 3652 751 3724 qua
779 3632 838 3702 est
864 3630 1054 3724 spelunca,
1081 3630 1120 3704 in
1139 3655 1215 3726 qua
1235 3633 1317 3726 ipsa
1335 3631 1396 3705 die
1413 3631 1600 3705 Dominus
1619 3655 1705 3707 cum

272 3753 454 3848 apostolis
481 3753 570 3827 fuit.
597 3752 648 3826 Et
665 3753 718 3825 ibi
738 3753 922 3849 usquead
943 3754 1038 3828 hora
1057 3756 1191 3844 noctiS,
1212 3756 1374 3830 forsitan
1393 3756 1539 3850 quinta,
1559 3779 1707 3852 semper

272 3880 342 3951 eut
368 3877 487 3973 ymni,
516 3880 586 3950 aut
614 3877 845 3972 antiphonae
864 3881 977 3973 aptae
996 3878 1071 3952 diei
1091 3882 1131 3952 et
1148 3879 1244 3970 loco,
1263 3880 1441 3955 similiter
1462 3885 1504 3954 et
1526 3882 1708 3955 lectiones

272 4003 472 4076 dicuntur:
504 4001 753 4098 interpositae
780 4003 972 4077 orationes
991 4001 1111 4076 fiunt:
1130 4005 1214 4078 loca
1232 4005 1350 4079 etiam
1370 4027 1416 4080 ea
1435 4006 1481 4080 de
1509 4007 1708 4102 evangelio

271 4125 466 4222 leguntur,
494 4129 535 4201 in
562 4126 701 4222 quibus
728 4126 914 4206 Dominus
943 4127 1132 4203 allocutus
1160 4133 1221 4204 est
1248 4129 1450 4224 discipulos
1474 4129 1605 4205 eadem
1635 4131 1707 4222 die,

273 4250 406 4326 sedens
434 4251 474 4324 in
502 4251 635 4359 eadem
663 4252 852 4346 spelunca,
882 4275 981 4348 quae
1008 4255 1047 4327 in
1077 4255 1158 4350 ipsa
1186 4255 1342 4330 ecclesia
1365 4258 1434 4331 est.
1455 4255 1506 4329 Et
1525 4257 1612 4330 inde
1631 4257 1709 4330 iam

273 4377 368 4449 hora
395 4377 518 4448 noctis
546 4375 709 4448 forsitan
736 4379 845 4450 sexta
872 4377 967 4450 iitur
994 4399 1084 4452 ausu
1112 4380 1152 4451 in
1180 4379 1379 4454 lmbomon
1407 4402 1493 4454 cum
1521 4381 1648 4477 ymnis
1667 4381 1708 4454 in

274 4521 318 4574 eo
346 4497 440 4587 loco,
470 4499 583 4592 unde,
611 4499 782 4575 ascendit
809 4500 994 4575 Dominus
1022 4501 1062 4575 in
1089 4503 1189 4577 coiis.
1215 4503 1221 4593 Ι
1245 4503 1296 4577 Εὴ
1315 4505 1368 4579 ibi
1387 4504 1511 4580 denuo
1531 4504 1709 4580 similiter
1736 4533 1772 4590 eo

273 4621 455 4697 lectiones
484 4626 523 4698 et
550 4624 657 4720 ymni
684 4626 726 4697 et
753 4624 985 4720 antiphonae
1013 4631 1127 4721 aptae
1163 4626 1238 4702 diei
1275 4627 1475 4704 dicuntur:
1514 4630 1707 4706 orationes

275 4747 395 4819 etiam
413 4745 516 4843 ipsae
535 4769 794 4843 quaecumque
814 4747 923 4842 fiunt,
944 4771 1038 4844 quas
1057 4749 1157 4825 dicet
1175 4752 1382 4847 episcopus,
1408 4775 1555 4849 semper
1574 4757 1615 4828 et
1633 4754 1710 4830 diei

275 4873 316 4946 et
343 4871 426 4946 loco
454 4875 564 4969 aptas
593 4871 703 4946 dicet.

356 5163 365 5202 ¹
383 5163 457 5229 cod.
479 5174 595 5246 quarta.

355 5263 544 5329 'Offerebat
565 5267 782 5349 episcopusin
803 5289 840 5330 ea
870 5267 942 5330 atrii
971 5276 1069 5350 parte,
1100 5290 1180 5350 quac
1211 5271 1426 5336 sinistrorsum
1452 5283 1519 5338 erat
1550 5276 1710 5339 basilicam

274 5361 420 5444 Martyrii
439 5365 638 5446 ingressuris,
660 5367 721 5430 sita
740 5366 823 5430 inter
843 5368 942 5448 ipsam
962 5370 1071 5432 aedem
1091 5378 1124 5434 θὴ
1145 5369 1253 5436 crucis
1274 5373 1458 5436 cubiculum.
