<?xml version="1.0" encoding="UTF-8"?>
<!DOCTYPE html PUBLIC "-//W3C//DTD XHTML 1.0 Transitional//EN"
    "http://www.w3.org/TR/xhtml1/DTD/xhtml1-transitional.dtd">
<html xmlns="http://www.w3.org/1999/xhtml" xml:lang="en" lang="en">
 <head>
  <title>
</title>
<meta http-equiv="Content-Type" content="text/html;charset=utf-8" />
  <meta name='ocr-system' content='tesseract 3.04.00' />
  <meta name='ocr-capabilities' content='ocr_page ocr_carea ocr_par ocr_line ocrx_word'/>
</head>
<body>
  <div class='ocr_page' id='page_1' title='image "./shilariitractat00petrgoog_0161.png"; bbox 0 0 4604 6560; ppageno 0'>
   <div class='ocr_carea' id='block_1_1' title="bbox 210 743 1761 4600">
    <p class='ocr_par' dir='ltr' id='par_1_1' title="bbox 210 743 1761 1944">
     <span class='ocr_line' id='line_1_1' title="bbox 820 743 1699 812; baseline -0.008 1"><span class='ocrx_word' id='word_1_1' title='bbox 820 769 865 812; x_wconf 87' lang='lat' dir='ltr'>nn</span> <span class='ocrx_word' id='word_1_2' title='bbox 889 765 982 812; x_wconf 84' lang='lat' dir='ltr'>nocrs</span> <span class='ocrx_word' id='word_1_3' title='bbox 1007 763 1144 809; x_wconf 75' lang='lat' dir='ltr'>suroris</span> <span class='ocrx_word' id='word_1_4' title='bbox 1636 743 1699 808; x_wconf 79' lang='lat'>119</span> 
     </span>
     <span class='ocr_line' id='line_1_2' title="bbox 210 977 1697 1081; baseline -0.009 -15"><span class='ocrx_word' id='word_1_5' title='bbox 210 977 214 984; x_wconf 64' lang='grc'>’</span> <span class='ocrx_word' id='word_1_6' title='bbox 262 992 345 1066; x_wconf 90' lang='lat' dir='ltr'>loco</span> <span class='ocrx_word' id='word_1_7' title='bbox 373 989 535 1064; x_wconf 83' lang='lat' dir='ltr'>fundata</span> <span class='ocrx_word' id='word_1_8' title='bbox 562 992 632 1078; x_wconf 86' lang='lat' dir='ltr'>est,</span> <span class='ocrx_word' id='word_1_9' title='bbox 661 987 728 1062; x_wconf 91' lang='lat' dir='ltr'>ubi</span> <span class='ocrx_word' id='word_1_10' title='bbox 750 986 999 1063; x_wconf 87' lang='lat' dir='ltr'>coenantibus</span> <span class='ocrx_word' id='word_1_11' title='bbox 1024 984 1206 1081; x_wconf 85' lang='lat' dir='ltr'>apostolis</span> <span class='ocrx_word' id='word_1_12' title='bbox 1233 987 1321 1079; x_wconf 86' lang='lat' dir='ltr'>post</span> <span class='ocrx_word' id='word_1_13' title='bbox 1347 982 1560 1079; x_wconf 89' lang='lat' dir='ltr'>passionem</span> <span class='ocrx_word' id='word_1_14' title='bbox 1589 979 1697 1054; x_wconf 90' lang='lat' dir='ltr'>ostiis</span> 
     </span>
     <span class='ocr_line' id='line_1_3' title="bbox 263 1107 1701 1212; baseline -0.01 -20"><span class='ocrx_word' id='word_1_15' title='bbox 263 1107 428 1192; x_wconf 85' lang='lat' dir='ltr'>eleusis¹</span> <span class='ocrx_word' id='word_1_16' title='bbox 450 1115 629 1212; x_wconf 90' lang='lat' dir='ltr'>abparuit</span> <span class='ocrx_word' id='word_1_17' title='bbox 657 1114 853 1189; x_wconf 85' lang='lat' dir='ltr'>Dominus.</span> <span class='ocrx_word' id='word_1_18' title='bbox 884 1114 1005 1209; x_wconf 83' lang='lat' dir='ltr'>Prope</span> <span class='ocrx_word' id='word_1_19' title='bbox 1024 1132 1114 1188; x_wconf 82' lang='lat' dir='ltr'>vero</span> <span class='ocrx_word' id='word_1_20' title='bbox 1134 1111 1212 1184; x_wconf 87' lang='lat' dir='ltr'>illic</span> <span class='ocrx_word' id='word_1_21' title='bbox 1235 1111 1294 1184; x_wconf 89' lang='lat' dir='ltr'>est</span> <span class='ocrx_word' id='word_1_22' title='bbox 1321 1111 1444 1205; x_wconf 90' lang='lat' dir='ltr'>porta,</span> <span class='ocrx_word' id='word_1_23' title='bbox 1470 1107 1516 1182; x_wconf 90' lang='lat' dir='ltr'>de</span> <span class='ocrx_word' id='word_1_24' title='bbox 1530 1129 1612 1202; x_wconf 79' lang='lat' dir='ltr'>,qua</span> <span class='ocrx_word' id='word_1_25' title='bbox 1633 1129 1701 1178; x_wconf 93' lang='lat' dir='ltr'>an·</span> 
     </span>
     <span class='ocr_line' id='line_1_4' title="bbox 264 1234 1700 1340; baseline -0.009 -21"><span class='ocrx_word' id='word_1_26' title='bbox 264 1244 370 1340; x_wconf 86' lang='lat' dir='ltr'>gelus</span> <span class='ocrx_word' id='word_1_27' title='bbox 398 1243 555 1318; x_wconf 87' lang='lat' dir='ltr'>Petrum</span> <span class='ocrx_word' id='word_1_28' title='bbox 584 1241 729 1316; x_wconf 87' lang='lat' dir='ltr'>eduxit.</span> <span class='ocrx_word' id='word_1_29' title='bbox 758 1241 814 1316; x_wconf 90' lang='lat' dir='ltr'>De</span> <span class='ocrx_word' id='word_1_30' title='bbox 833 1240 977 1336; x_wconf 90' lang='lat' dir='ltr'>templo</span> <span class='ocrx_word' id='word_1_31' title='bbox 995 1257 1100 1330; x_wconf 86' lang='lat' dir='ltr'>vero,</span> <span class='ocrx_word' id='word_1_32' title='bbox 1121 1259 1234 1335; x_wconf 88' lang='lat' dir='ltr'>quern</span> <span class='ocrx_word' id='word_1_33' title='bbox 1263 1236 1442 1310; x_wconf 82' lang='lat' dir='ltr'>Salomon</span> <span class='ocrx_word' id='word_1_34' title='bbox 1470 1234 1700 1324; x_wconf 85' lang='lat' dir='ltr'>aedificavit,</span> 
     </span>
     <span class='ocr_line' id='line_1_5' title="bbox 265 1357 1761 1463; baseline -0.006 -22"><span class='ocrx_word' id='word_1_35' title='bbox 265 1368 363 1443; x_wconf 83' lang='lat' dir='ltr'>duae</span> <span class='ocrx_word' id='word_1_36' title='bbox 389 1371 546 1442; x_wconf 89' lang='lat' dir='ltr'>tantum</span> <span class='ocrx_word' id='word_1_37' title='bbox 574 1367 712 1463; x_wconf 87' lang='lat' dir='ltr'>pinnae</span> <span class='ocrx_word' id='word_1_38' title='bbox 740 1366 977 1461; x_wconf 78' lang='lat' dir='ltr'>permanent,</span> <span class='ocrx_word' id='word_1_39' title='bbox 1007 1387 1171 1460; x_wconf 88' lang='lat' dir='ltr'>quarum</span> <span class='ocrx_word' id='word_1_40' title='bbox 1201 1385 1289 1451; x_wconf 89' lang='lat' dir='ltr'>una,</span> <span class='ocrx_word' id='word_1_41' title='bbox 1319 1383 1417 1456; x_wconf 90' lang='lat' dir='ltr'>quae</span> <span class='ocrx_word' id='word_1_42' title='bbox 1446 1360 1562 1434; x_wconf 87' lang='lat' dir='ltr'>altior</span> <span class='ocrx_word' id='word_1_43' title='bbox 1591 1357 1703 1434; x_wconf 84' lang='lat' dir='ltr'>valde</span> <span class='ocrx_word' id='word_1_44' title='bbox 1756 1435 1761 1456; x_wconf 45' lang='grc'>,</span> 
     </span>
     <span class='ocr_line' id='line_1_6' title="bbox 264 1485 1705 1592; baseline -0.01 -23"><span class='ocrx_word' id='word_1_45' title='bbox 264 1496 334 1585; x_wconf 91' lang='lat' dir='ltr'>est,</span> <span class='ocrx_word' id='word_1_46' title='bbox 362 1493 444 1592; x_wconf 93' lang='lat' dir='ltr'>ipsa</span> <span class='ocrx_word' id='word_1_47' title='bbox 472 1496 542 1583; x_wconf 89' lang='lat' dir='ltr'>est,</span> <span class='ocrx_word' id='word_1_48' title='bbox 573 1492 613 1565; x_wconf 94' lang='lat' dir='ltr'>in</span> <span class='ocrx_word' id='word_1_49' title='bbox 641 1515 717 1588; x_wconf 88' lang='lat' dir='ltr'>qua</span> <span class='ocrx_word' id='word_1_50' title='bbox 754 1491 940 1566; x_wconf 86' lang='lat' dir='ltr'>Dominus</span> <span class='ocrx_word' id='word_1_51' title='bbox 964 1491 1191 1585; x_wconf 88' lang='lat' dir='ltr'>temptatus</span> <span class='ocrx_word' id='word_1_52' title='bbox 1224 1490 1283 1562; x_wconf 89' lang='lat' dir='ltr'>est</span> <span class='ocrx_word' id='word_1_53' title='bbox 1311 1511 1334 1560; x_wconf 90' lang='lat' dir='ltr'>a</span> <span class='ocrx_word' id='word_1_54' title='bbox 1363 1486 1527 1576; x_wconf 87' lang='lat' dir='ltr'>diabole,</span> <span class='ocrx_word' id='word_1_55' title='bbox 1556 1485 1705 1578; x_wconf 90' lang='lat' dir='ltr'>reliqua</span> 
     </span>
     <span class='ocr_line' id='line_1_7' title="bbox 265 1607 1705 1706; baseline -0.009 -12"><span class='ocrx_word' id='word_1_56' title='bbox 265 1622 396 1694; x_wconf 88' lang='lat' dir='ltr'>autem</span> <span class='ocrx_word' id='word_1_57' title='bbox 424 1618 621 1692; x_wconf 88' lang='lat' dir='ltr'>destructa</span> <span class='ocrx_word' id='word_1_58' title='bbox 648 1607 777 1691; x_wconf 77' lang='lat' dir='ltr'>sunt².</span> <span class='ocrx_word' id='word_1_59' title='bbox 798 1617 844 1690; x_wconf 91' lang='lat' dir='ltr'>ln</span> <span class='ocrx_word' id='word_1_60' title='bbox 872 1636 962 1690; x_wconf 88' lang='lat' dir='ltr'>area</span> <span class='ocrx_word' id='word_1_61' title='bbox 981 1635 1072 1690; x_wconf 88' lang='lat' dir='ltr'>vero</span> <span class='ocrx_word' id='word_1_62' title='bbox 1101 1614 1200 1688; x_wconf 86' lang='lat' dir='ltr'>Orno</span> <span class='ocrx_word' id='word_1_63' title='bbox 1223 1611 1373 1686; x_wconf 89' lang='lat' dir='ltr'>Iebusei</span> <span class='ocrx_word' id='word_1_64' title='bbox 1400 1610 1589 1706; x_wconf 81' lang='lat' dir='ltr'>templum</span> <span class='ocrx_word' id='word_1_65' title='bbox 1618 1629 1705 1682; x_wconf 92' lang='lat' dir='ltr'>con-</span> 
     </span>
     <span class='ocr_line' id='line_1_8' title="bbox 265 1734 1705 1839; baseline -0.008 -21"><span class='ocrx_word' id='word_1_66' title='bbox 265 1746 454 1818; x_wconf 88' lang='lat' dir='ltr'>structum</span> <span class='ocrx_word' id='word_1_67' title='bbox 482 1746 552 1818; x_wconf 91' lang='lat' dir='ltr'>est.</span> <span class='ocrx_word' id='word_1_68' title='bbox 583 1743 707 1839; x_wconf 89' lang='lat' dir='ltr'>Prope</span> <span class='ocrx_word' id='word_1_69' title='bbox 734 1745 866 1818; x_wconf 66' lang='lat' dir='ltr'>alitem</span> <span class='ocrx_word' id='word_1_70' title='bbox 895 1744 1047 1838; x_wconf 87' lang='lat' dir='ltr'>portam</span> <span class='ocrx_word' id='word_1_71' title='bbox 1071 1741 1212 1814; x_wconf 86' lang='lat' dir='ltr'>effusus</span> <span class='ocrx_word' id='word_1_72' title='bbox 1231 1741 1291 1813; x_wconf 88' lang='lat' dir='ltr'>est</span> <span class='ocrx_word' id='word_1_73' title='bbox 1319 1737 1473 1833; x_wconf 88' lang='lat' dir='ltr'>sanguis</span> <span class='ocrx_word' id='word_1_74' title='bbox 1500 1734 1705 1814; x_wconf 84' lang='lat' dir='ltr'>Zachariae</span> 
     </span>
     <span class='ocr_line' id='line_1_9' title="bbox 265 1869 584 1944; baseline 0.006 -2"><span class='ocrx_word' id='word_1_75' title='bbox 265 1869 335 1944; x_wconf 91' lang='lat' dir='ltr'>filii</span> <span class='ocrx_word' id='word_1_76' title='bbox 363 1869 584 1944; x_wconf 89' lang='lat' dir='ltr'>Barachiae.</span> 
     </span>
    </p>

    <p class='ocr_par' dir='ltr' id='par_1_2' title="bbox 266 1989 1706 2593">
     <span class='ocr_line' id='line_1_10' title="bbox 346 1989 1705 2090; baseline -0.007 -22"><span class='ocrx_word' id='word_1_77' title='bbox 346 1996 406 2087; x_wconf 89' lang='lat' dir='ltr'>(B.</span> <span class='ocrx_word' id='word_1_78' title='bbox 422 2019 450 2070; x_wconf 90' lang='lat' dir='ltr'>c.</span> <span class='ocrx_word' id='word_1_79' title='bbox 475 1995 544 2086; x_wconf 86' lang='lat' dir='ltr'>VI)</span> <span class='ocrx_word' id='word_1_80' title='bbox 565 1995 723 2069; x_wconf 89' lang='lat' dir='ltr'>Portam</span> <span class='ocrx_word' id='word_1_81' title='bbox 742 1994 866 2069; x_wconf 92' lang='lat' dir='ltr'>David</span> <span class='ocrx_word' id='word_1_82' title='bbox 885 1993 1167 2090; x_wconf 73' lang='lat' dir='ltr'>egredientibus</span> <span class='ocrx_word' id='word_1_83' title='bbox 1182 2013 1276 2088; x_wconf 91' lang='lat' dir='ltr'>pons</span> <span class='ocrx_word' id='word_1_84' title='bbox 1290 1989 1454 2066; x_wconf 89' lang='lat' dir='ltr'>occurrit</span> <span class='ocrx_word' id='word_1_85' title='bbox 1473 1989 1511 2062; x_wconf 91' lang='lat' dir='ltr'>in</span> <span class='ocrx_word' id='word_1_86' title='bbox 1528 1990 1705 2062; x_wconf 89' lang='lat' dir='ltr'>austrum</span> 
     </span>
     <span class='ocr_line' id='line_1_11' title="bbox 266 2115 1706 2218; baseline -0.008 -21"><span class='ocrx_word' id='word_1_87' title='bbox 266 2122 499 2218; x_wconf 84' lang='lat' dir='ltr'>pervellem</span> <span class='ocrx_word' id='word_1_88' title='bbox 528 2121 705 2214; x_wconf 87' lang='lat' dir='ltr'>directus,</span> <span class='ocrx_word' id='word_1_89' title='bbox 734 2121 783 2195; x_wconf 86' lang='lat' dir='ltr'>ad</span> <span class='ocrx_word' id='word_1_90' title='bbox 811 2121 919 2196; x_wconf 91' lang='lat' dir='ltr'>cuius</span> <span class='ocrx_word' id='word_1_91' title='bbox 947 2119 1193 2194; x_wconf 89' lang='lat' dir='ltr'>medietatem</span> <span class='ocrx_word' id='word_1_92' title='bbox 1213 2119 1262 2192; x_wconf 89' lang='lat' dir='ltr'>ab</span> <span class='ocrx_word' id='word_1_93' title='bbox 1282 2141 1419 2209; x_wconf 59' lang='lat' dir='ltr'>occasuu</span> <span class='ocrx_word' id='word_1_94' title='bbox 1445 2115 1536 2190; x_wconf 89' lang='lat' dir='ltr'>ficus</span> <span class='ocrx_word' id='word_1_95' title='bbox 1565 2137 1706 2210; x_wconf 88' lang='lat' dir='ltr'>magna</span> 
     </span>
     <span class='ocr_line' id='line_1_12' title="bbox 267 2238 1706 2344; baseline -0.007 -22"><span class='ocrx_word' id='word_1_96' title='bbox 267 2251 358 2339; x_wconf 90' lang='lat' dir='ltr'>stat,</span> <span class='ocrx_word' id='word_1_97' title='bbox 388 2249 429 2321; x_wconf 90' lang='lat' dir='ltr'>in</span> <span class='ocrx_word' id='word_1_98' title='bbox 457 2271 533 2342; x_wconf 90' lang='lat' dir='ltr'>qua</span> <span class='ocrx_word' id='word_1_99' title='bbox 562 2247 677 2321; x_wconf 90' lang='lat' dir='ltr'>ludas</span> <span class='ocrx_word' id='word_1_100' title='bbox 711 2247 849 2344; x_wconf 91' lang='lat' dir='ltr'>laqueo</span> <span class='ocrx_word' id='word_1_101' title='bbox 877 2269 919 2321; x_wconf 90' lang='lat' dir='ltr'>se</span> <span class='ocrx_word' id='word_1_102' title='bbox 945 2244 1154 2342; x_wconf 89' lang='lat' dir='ltr'>suspendit.</span> <span class='ocrx_word' id='word_1_103' title='bbox 1193 2245 1312 2318; x_wconf 88' lang='lat' dir='ltr'>Porro</span> <span class='ocrx_word' id='word_1_104' title='bbox 1347 2240 1628 2318; x_wconf 81' lang='lat' dir='ltr'>Acheldemach</span> <span class='ocrx_word' id='word_1_105' title='bbox 1657 2238 1706 2312; x_wconf 90' lang='lat' dir='ltr'>ad</span> 
     </span>
     <span class='ocr_line' id='line_1_13' title="bbox 268 2363 1705 2470; baseline -0.007 -23"><span class='ocrx_word' id='word_1_106' title='bbox 268 2372 476 2447; x_wconf 84' lang='lat' dir='ltr'>australem</span> <span class='ocrx_word' id='word_1_107' title='bbox 504 2373 658 2469; x_wconf 83' lang='lat' dir='ltr'>plagam</span> <span class='ocrx_word' id='word_1_108' title='bbox 686 2372 826 2446; x_wconf 90' lang='lat' dir='ltr'>montis</span> <span class='ocrx_word' id='word_1_109' title='bbox 856 2371 958 2470; x_wconf 87' lang='lat' dir='ltr'>Syon</span> <span class='ocrx_word' id='word_1_110' title='bbox 989 2371 1208 2467; x_wconf 88' lang='lat' dir='ltr'>peregrinos</span> <span class='ocrx_word' id='word_1_111' title='bbox 1239 2373 1279 2444; x_wconf 94' lang='lat' dir='ltr'>et</span> <span class='ocrx_word' id='word_1_112' title='bbox 1306 2363 1491 2464; x_wconf 81' lang='lat' dir='ltr'>ignobiles</span> <span class='ocrx_word' id='word_1_113' title='bbox 1519 2370 1705 2454; x_wconf 88' lang='lat' dir='ltr'>mortuos,</span> 
     </span>
     <span class='ocr_line' id='line_1_14' title="bbox 269 2496 1257 2593; baseline -0.002 -21"><span class='ocrx_word' id='word_1_114' title='bbox 269 2498 364 2572; x_wconf 87' lang='lat' dir='ltr'>alios</span> <span class='ocrx_word' id='word_1_115' title='bbox 390 2501 497 2572; x_wconf 90' lang='lat' dir='ltr'>terra</span> <span class='ocrx_word' id='word_1_116' title='bbox 524 2497 634 2593; x_wconf 88' lang='lat' dir='ltr'>tegit,</span> <span class='ocrx_word' id='word_1_117' title='bbox 663 2499 758 2572; x_wconf 91' lang='lat' dir='ltr'>alios</span> <span class='ocrx_word' id='word_1_118' title='bbox 786 2498 1007 2571; x_wconf 86' lang='lat' dir='ltr'>inhumatos</span> <span class='ocrx_word' id='word_1_119' title='bbox 1036 2496 1257 2593; x_wconf 87' lang='lat' dir='ltr'>putrefacit.</span> 
     </span>
    </p>

    <p class='ocr_par' dir='ltr' id='par_1_3' title="bbox 268 2621 1747 4600">
     <span class='ocr_line' id='line_1_15' title="bbox 348 2621 1705 2720; baseline -0.003 -23"><span class='ocrx_word' id='word_1_120' title='bbox 348 2626 409 2716; x_wconf 88' lang='lat' dir='ltr'>(B.</span> <span class='ocrx_word' id='word_1_121' title='bbox 431 2647 460 2699; x_wconf 92' lang='lat' dir='ltr'>c.</span> <span class='ocrx_word' id='word_1_122' title='bbox 485 2626 510 2697; x_wconf 89' lang='lat'><em>1</em></span> <span class='ocrx_word' id='word_1_123' title='bbox 516 2624 560 2716; x_wconf 88' lang='lat' dir='ltr'>V)</span> <span class='ocrx_word' id='word_1_124' title='bbox 589 2624 793 2699; x_wconf 87' lang='lat' dir='ltr'>Sudarium</span> <span class='ocrx_word' id='word_1_125' title='bbox 821 2624 955 2720; x_wconf 89' lang='lat' dir='ltr'>capitis</span> <span class='ocrx_word' id='word_1_126' title='bbox 983 2624 1137 2697; x_wconf 92' lang='lat' dir='ltr'>Domini</span> <span class='ocrx_word' id='word_1_127' title='bbox 1166 2625 1251 2719; x_wconf 84' lang='lat' dir='ltr'>post</span> <span class='ocrx_word' id='word_1_128' title='bbox 1278 2621 1595 2696; x_wconf 69' lang='lat' dir='ltr'>resurrectionem</span> <span class='ocrx_word' id='word_1_129' title='bbox 1623 2621 1705 2696; x_wconf 87' lang='lat' dir='ltr'>eius</span> 
     </span>
     <span class='ocr_line' id='line_1_16' title="bbox 268 2745 1705 2845; baseline -0.003 -22"><span class='ocrx_word' id='word_1_130' title='bbox 268 2772 357 2824; x_wconf 83' lang='lat' dir='ltr'>mon</span> <span class='ocrx_word' id='word_1_131' title='bbox 383 2749 541 2845; x_wconf 89' lang='lat' dir='ltr'>quidam</span> <span class='ocrx_word' id='word_1_132' title='bbox 559 2749 895 2824; x_wconf 89' lang='lat' dir='ltr'>christianissimus</span> <span class='ocrx_word' id='word_1_133' title='bbox 914 2748 1066 2822; x_wconf 79' lang='lat' dir='ltr'>iuratus</span> <span class='ocrx_word' id='word_1_134' title='bbox 1086 2769 1206 2844; x_wconf 90' lang='lat' dir='ltr'>usquc</span> <span class='ocrx_word' id='word_1_135' title='bbox 1227 2747 1276 2820; x_wconf 90' lang='lat' dir='ltr'>ad</span> <span class='ocrx_word' id='word_1_136' title='bbox 1296 2747 1445 2820; x_wconf 90' lang='lat' dir='ltr'>obitum</span> <span class='ocrx_word' id='word_1_137' title='bbox 1465 2745 1609 2819; x_wconf 88' lang='lat' dir='ltr'>divitiis</span> <span class='ocrx_word' id='word_1_138' title='bbox 1633 2745 1705 2818; x_wconf 91' lang='lat' dir='ltr'>sibi</span> 
     </span>
     <span class='ocr_line' id='line_1_17' title="bbox 268 2870 1747 2968; baseline -0.007 -21"><span class='ocrx_word' id='word_1_139' title='bbox 268 2873 517 2948; x_wconf 86' lang='lat' dir='ltr'>affluentibus</span> <span class='ocrx_word' id='word_1_140' title='bbox 545 2874 694 2948; x_wconf 88' lang='lat' dir='ltr'>hahuit.</span> <span class='ocrx_word' id='word_1_141' title='bbox 724 2875 795 2961; x_wconf 86' lang='lat' dir='ltr'>Qui</span> <span class='ocrx_word' id='word_1_142' title='bbox 823 2875 1032 2949; x_wconf 89' lang='lat' dir='ltr'>moriturus</span> <span class='ocrx_word' id='word_1_143' title='bbox 1051 2875 1306 2968; x_wconf 89' lang='lat' dir='ltr'>interrogavit</span> <span class='ocrx_word' id='word_1_144' title='bbox 1334 2871 1445 2962; x_wconf 92' lang='lat' dir='ltr'>filios,</span> <span class='ocrx_word' id='word_1_145' title='bbox 1467 2872 1532 2966; x_wconf 91' lang='lat' dir='ltr'>qui</span> <span class='ocrx_word' id='word_1_146' title='bbox 1552 2870 1706 2944; x_wconf 91' lang='lat' dir='ltr'>Domini</span> <span class='ocrx_word' id='word_1_147' title='bbox 1742 2929 1747 2936; x_wconf 90' lang='lat'>.</span> 
     </span>
     <span class='ocr_line' id='line_1_18' title="bbox 270 2997 1706 3096; baseline -0.003 -23"><span class='ocrx_word' id='word_1_148' title='bbox 270 2999 477 3089; x_wconf 91' lang='lat' dir='ltr'>sudarium,</span> <span class='ocrx_word' id='word_1_149' title='bbox 507 2999 574 3096; x_wconf 92' lang='lat' dir='ltr'>qui</span> <span class='ocrx_word' id='word_1_150' title='bbox 600 3004 770 3075; x_wconf 90' lang='lat' dir='ltr'>caeteras</span> <span class='ocrx_word' id='word_1_151' title='bbox 797 3001 919 3095; x_wconf 92' lang='lat' dir='ltr'>patris</span> <span class='ocrx_word' id='word_1_152' title='bbox 946 3001 1041 3076; x_wconf 82' lang='lat' dir='ltr'>volit</span> <span class='ocrx_word' id='word_1_153' title='bbox 1061 3000 1228 3095; x_wconf 88' lang='lat' dir='ltr'>accipere</span> <span class='ocrx_word' id='word_1_154' title='bbox 1257 2997 1435 3072; x_wconf 89' lang='lat' dir='ltr'>divitias:</span> <span class='ocrx_word' id='word_1_155' title='bbox 1466 2997 1588 3071; x_wconf 90' lang='lat' dir='ltr'>maior</span> <span class='ocrx_word' id='word_1_156' title='bbox 1615 3017 1706 3072; x_wconf 89' lang='lat' dir='ltr'>vero</span> 
     </span>
     <span class='ocr_line' id='line_1_19' title="bbox 269 3121 1708 3220; baseline -0.001 -24"><span class='ocrx_word' id='word_1_157' title='bbox 269 3123 468 3198; x_wconf 76' lang='lat' dir='ltr'>thesauros</span> <span class='ocrx_word' id='word_1_158' title='bbox 486 3146 626 3215; x_wconf 88' lang='lat' dir='ltr'>rerum,</span> <span class='ocrx_word' id='word_1_159' title='bbox 651 3124 776 3198; x_wconf 88' lang='lat' dir='ltr'>minor</span> <span class='ocrx_word' id='word_1_160' title='bbox 794 3124 911 3220; x_wconf 87' lang='lat' dir='ltr'>elegit</span> <span class='ocrx_word' id='word_1_161' title='bbox 929 3124 1147 3212; x_wconf 90' lang='lat' dir='ltr'>sudarium;</span> <span class='ocrx_word' id='word_1_162' title='bbox 1169 3124 1210 3196; x_wconf 88' lang='lat' dir='ltr'>et</span> <span class='ocrx_word' id='word_1_163' title='bbox 1238 3144 1326 3196; x_wconf 85' lang='lat' dir='ltr'>mox</span> <span class='ocrx_word' id='word_1_164' title='bbox 1355 3122 1411 3195; x_wconf 92' lang='lat' dir='ltr'>illi</span> <span class='ocrx_word' id='word_1_165' title='bbox 1436 3121 1555 3218; x_wconf 89' lang='lat' dir='ltr'>priori</span> <span class='ocrx_word' id='word_1_166' title='bbox 1582 3122 1708 3195; x_wconf 88' lang='lat' dir='ltr'>decre·</span> 
     </span>
     <span class='ocr_line' id='line_1_20' title="bbox 270 3245 1706 3344; baseline -0.001 -25"><span class='ocrx_word' id='word_1_167' title='bbox 270 3251 382 3320; x_wconf 90' lang='lat' dir='ltr'>scunt</span> <span class='ocrx_word' id='word_1_168' title='bbox 404 3269 524 3344; x_wconf 89' lang='lat' dir='ltr'>usque</span> <span class='ocrx_word' id='word_1_169' title='bbox 543 3248 592 3321; x_wconf 91' lang='lat' dir='ltr'>ad</span> <span class='ocrx_word' id='word_1_170' title='bbox 606 3250 887 3344; x_wconf 80' lang='lat' dir='ltr'>paupertatem,</span> <span class='ocrx_word' id='word_1_171' title='bbox 903 3248 1015 3322; x_wconf 87' lang='lat' dir='ltr'>fratri</span> <span class='ocrx_word' id='word_1_172' title='bbox 1031 3250 1162 3322; x_wconf 90' lang='lat' dir='ltr'>autem</span> <span class='ocrx_word' id='word_1_173' title='bbox 1178 3246 1317 3321; x_wconf 90' lang='lat' dir='ltr'>iuniori</span> <span class='ocrx_word' id='word_1_174' title='bbox 1333 3269 1418 3321; x_wconf 91' lang='lat' dir='ltr'>cum</span> <span class='ocrx_word' id='word_1_175' title='bbox 1434 3245 1507 3319; x_wconf 90' lang='lat' dir='ltr'>fide</span> <span class='ocrx_word' id='word_1_176' title='bbox 1522 3249 1706 3336; x_wconf 88' lang='lat' dir='ltr'>crescunt,</span> 
     </span>
     <span class='ocr_line' id='line_1_21' title="bbox 270 3372 1707 3469; baseline 0.001 -25"><span class='ocrx_word' id='word_1_177' title='bbox 270 3375 311 3444; x_wconf 89' lang='lat' dir='ltr'>et</span> <span class='ocrx_word' id='word_1_178' title='bbox 338 3393 427 3467; x_wconf 87' lang='lat' dir='ltr'>opes</span> <span class='ocrx_word' id='word_1_179' title='bbox 455 3395 575 3468; x_wconf 89' lang='lat' dir='ltr'>usque</span> <span class='ocrx_word' id='word_1_180' title='bbox 602 3373 650 3446; x_wconf 89' lang='lat' dir='ltr'>ad</span> <span class='ocrx_word' id='word_1_181' title='bbox 670 3374 845 3468; x_wconf 91' lang='lat' dir='ltr'>quintam</span> <span class='ocrx_word' id='word_1_182' title='bbox 864 3375 1150 3469; x_wconf 86' lang='lat' dir='ltr'>generationem</span> <span class='ocrx_word' id='word_1_183' title='bbox 1169 3377 1340 3448; x_wconf 89' lang='lat' dir='ltr'>tenuere.</span> <span class='ocrx_word' id='word_1_184' title='bbox 1370 3372 1469 3446; x_wconf 90' lang='lat' dir='ltr'>Hinc</span> <span class='ocrx_word' id='word_1_185' title='bbox 1497 3372 1544 3446; x_wconf 92' lang='lat' dir='ltr'>ad</span> <span class='ocrx_word' id='word_1_186' title='bbox 1573 3372 1707 3468; x_wconf 90' lang='lat' dir='ltr'>impios</span> 
     </span>
     <span class='ocr_line' id='line_1_22' title="bbox 270 3498 1708 3593; baseline 0.001 -22"><span class='ocrx_word' id='word_1_187' title='bbox 270 3498 491 3592; x_wconf 85' lang='lat' dir='ltr'>perveniens</span> <span class='ocrx_word' id='word_1_188' title='bbox 512 3498 667 3572; x_wconf 88' lang='lat' dir='ltr'>divitias</span> <span class='ocrx_word' id='word_1_189' title='bbox 685 3502 840 3573; x_wconf 91' lang='lat' dir='ltr'>tantum</span> <span class='ocrx_word' id='word_1_190' title='bbox 854 3500 974 3589; x_wconf 80' lang='lat' dir='ltr'>aurit,</span> <span class='ocrx_word' id='word_1_191' title='bbox 992 3501 1057 3574; x_wconf 91' lang='lat' dir='ltr'>ubi</span> <span class='ocrx_word' id='word_1_192' title='bbox 1077 3499 1222 3574; x_wconf 90' lang='lat' dir='ltr'>iudaeis</span> <span class='ocrx_word' id='word_1_193' title='bbox 1243 3503 1283 3573; x_wconf 91' lang='lat' dir='ltr'>et</span> <span class='ocrx_word' id='word_1_194' title='bbox 1301 3500 1372 3572; x_wconf 88' lang='lat' dir='ltr'>hoc</span> <span class='ocrx_word' id='word_1_195' title='bbox 1391 3502 1564 3593; x_wconf 90' lang='lat' dir='ltr'>tempore</span> <span class='ocrx_word' id='word_1_196' title='bbox 1584 3499 1708 3572; x_wconf 88' lang='lat' dir='ltr'>multo</span> 
     </span>
     <span class='ocr_line' id='line_1_23' title="bbox 271 3621 1706 3721; baseline -0.001 -25"><span class='ocrx_word' id='word_1_197' title='bbox 271 3623 389 3698; x_wconf 92' lang='lat' dir='ltr'>donec</span> <span class='ocrx_word' id='word_1_198' title='bbox 416 3627 503 3720; x_wconf 90' lang='lat' dir='ltr'>post</span> <span class='ocrx_word' id='word_1_199' title='bbox 530 3624 644 3720; x_wconf 89' lang='lat' dir='ltr'>longa</span> <span class='ocrx_word' id='word_1_200' title='bbox 672 3625 808 3720; x_wconf 89' lang='lat' dir='ltr'>litigia,</span> <span class='ocrx_word' id='word_1_201' title='bbox 833 3626 970 3721; x_wconf 92' lang='lat' dir='ltr'>quibus</span> <span class='ocrx_word' id='word_1_202' title='bbox 989 3625 1189 3700; x_wconf 90' lang='lat' dir='ltr'>christiani</span> <span class='ocrx_word' id='word_1_203' title='bbox 1216 3625 1344 3698; x_wconf 91' lang='lat' dir='ltr'>iudaei</span> <span class='ocrx_word' id='word_1_204' title='bbox 1372 3646 1411 3699; x_wconf 89' lang='lat' dir='ltr'>se</span> <span class='ocrx_word' id='word_1_205' title='bbox 1440 3623 1592 3712; x_wconf 80' lang='lat' dir='ltr'>Christi,</span> <span class='ocrx_word' id='word_1_206' title='bbox 1621 3621 1706 3696; x_wconf 88' lang='lat' dir='ltr'>infi-</span> 
     </span>
     <span class='ocr_line' id='line_1_24' title="bbox 270 3733 1704 3845; baseline -0.001 -24"><span class='ocrx_word' id='word_1_207' title='bbox 270 3749 372 3824; x_wconf 86' lang='lat' dir='ltr'>deles</span> <span class='ocrx_word' id='word_1_208' title='bbox 399 3771 492 3824; x_wconf 89' lang='lat' dir='ltr'>vero</span> <span class='ocrx_word' id='word_1_209' title='bbox 520 3771 559 3823; x_wconf 91' lang='lat' dir='ltr'>se</span> <span class='ocrx_word' id='word_1_210' title='bbox 588 3753 742 3845; x_wconf 91' lang='lat' dir='ltr'>patrum</span> <span class='ocrx_word' id='word_1_211' title='bbox 775 3773 932 3825; x_wconf 89' lang='lat' dir='ltr'>suorum</span> <span class='ocrx_word' id='word_1_212' title='bbox 969 3751 1226 3824; x_wconf 87' lang='lat' dir='ltr'>affirmabant.</span> <span class='ocrx_word' id='word_1_213' title='bbox 1256 3733 1409 3824; x_wconf 77' lang='lat' dir='ltr'>Mauras</span> <span class='ocrx_word' id='word_1_214' title='bbox 1430 3749 1704 3823; x_wconf 89' lang='lat' dir='ltr'>Saracenorum</span> 
     </span>
     <span class='ocr_line' id='line_1_25' title="bbox 269 3875 1709 3972; baseline 0 -25"><span class='ocrx_word' id='word_1_215' title='bbox 269 3877 348 3964; x_wconf 79' lang='lat' dir='ltr'>r&#39;err,</span> <span class='ocrx_word' id='word_1_216' title='bbox 377 3875 444 3970; x_wconf 93' lang='lat' dir='ltr'>qui</span> <span class='ocrx_word' id='word_1_217' title='bbox 470 3878 603 3948; x_wconf 88' lang='lat' dir='ltr'>nostra</span> <span class='ocrx_word' id='word_1_218' title='bbox 631 3879 759 3950; x_wconf 87' lang='lat' dir='ltr'>aetate</span> <span class='ocrx_word' id='word_1_219' title='bbox 782 3876 858 3949; x_wconf 85' lang='lat' dir='ltr'>fuit</span> <span class='ocrx_word' id='word_1_220' title='bbox 877 3876 1002 3966; x_wconf 83' lang='lat' dir='ltr'>iudex,</span> <span class='ocrx_word' id='word_1_221' title='bbox 1022 3877 1262 3972; x_wconf 88' lang='lat' dir='ltr'>postulatur;</span> <span class='ocrx_word' id='word_1_222' title='bbox 1292 3876 1358 3971; x_wconf 88' lang='lat' dir='ltr'>qui</span> <span class='ocrx_word' id='word_1_223' title='bbox 1386 3897 1542 3950; x_wconf 89' lang='lat' dir='ltr'>accensa</span> <span class='ocrx_word' id='word_1_224' title='bbox 1569 3875 1709 3971; x_wconf 91' lang='lat' dir='ltr'>grandi</span> 
     </span>
     <span class='ocr_line' id='line_1_26' title="bbox 270 3999 1706 4098; baseline 0.002 -26"><span class='ocrx_word' id='word_1_225' title='bbox 270 3999 354 4095; x_wconf 88' lang='lat' dir='ltr'>pira</span> <span class='ocrx_word' id='word_1_226' title='bbox 382 3999 576 4074; x_wconf 80' lang='lat' dir='ltr'>Christum</span> <span class='ocrx_word' id='word_1_227' title='bbox 603 4001 765 4076; x_wconf 91' lang='lat' dir='ltr'>iudicem</span> <span class='ocrx_word' id='word_1_228' title='bbox 785 4005 973 4097; x_wconf 88' lang='lat' dir='ltr'>precatur,</span> <span class='ocrx_word' id='word_1_229' title='bbox 994 4003 1061 4098; x_wconf 93' lang='lat' dir='ltr'>qui</span> <span class='ocrx_word' id='word_1_230' title='bbox 1078 4003 1149 4076; x_wconf 91' lang='lat' dir='ltr'>hoc</span> <span class='ocrx_word' id='word_1_231' title='bbox 1168 4025 1236 4098; x_wconf 89' lang='lat' dir='ltr'>pro</span> <span class='ocrx_word' id='word_1_232' title='bbox 1256 4024 1412 4076; x_wconf 91' lang='lat' dir='ltr'>suorum</span> <span class='ocrx_word' id='word_1_233' title='bbox 1440 4003 1564 4077; x_wconf 86' lang='lat' dir='ltr'>salute</span> <span class='ocrx_word' id='word_1_234' title='bbox 1593 4023 1706 4096; x_wconf 90' lang='lat' dir='ltr'>super</span> 
     </span>
     <span class='ocr_line' id='line_1_27' title="bbox 271 4124 1708 4221; baseline 0.001 -25"><span class='ocrx_word' id='word_1_235' title='bbox 271 4125 386 4218; x_wconf 90' lang='lat' dir='ltr'>caput</span> <span class='ocrx_word' id='word_1_236' title='bbox 413 4124 553 4198; x_wconf 89' lang='lat' dir='ltr'>hahere</span> <span class='ocrx_word' id='word_1_237' title='bbox 582 4125 815 4221; x_wconf 85' lang='lat' dir='ltr'>dignaretur.</span> <span class='ocrx_word' id='word_1_238' title='bbox 845 4127 1003 4202; x_wconf 89' lang='lat' dir='ltr'>Missum</span> <span class='ocrx_word' id='word_1_239' title='bbox 1022 4149 1113 4200; x_wconf 89' lang='lat' dir='ltr'>vero</span> <span class='ocrx_word' id='word_1_240' title='bbox 1141 4127 1181 4199; x_wconf 92' lang='lat' dir='ltr'>in</span> <span class='ocrx_word' id='word_1_241' title='bbox 1209 4127 1335 4220; x_wconf 84' lang='lat' dir='ltr'>ignem</span> <span class='ocrx_word' id='word_1_242' title='bbox 1364 4127 1573 4216; x_wconf 86' lang='lat' dir='ltr'>sudarium,</span> <span class='ocrx_word' id='word_1_243' title='bbox 1602 4126 1708 4199; x_wconf 90' lang='lat' dir='ltr'>velo·</span> 
     </span>
     <span class='ocr_line' id='line_1_28' title="bbox 272 4249 1709 4347; baseline 0.002 -27"><span class='ocrx_word' id='word_1_244' title='bbox 272 4249 367 4322; x_wconf 89' lang='lat' dir='ltr'>citer</span> <span class='ocrx_word' id='word_1_245' title='bbox 394 4251 509 4345; x_wconf 90' lang='lat' dir='ltr'>raptu</span> <span class='ocrx_word' id='word_1_246' title='bbox 537 4250 737 4346; x_wconf 85' lang='lat' dir='ltr'>aufugiens</span> <span class='ocrx_word' id='word_1_247' title='bbox 766 4251 906 4340; x_wconf 86' lang='lat' dir='ltr'>evolat,</span> <span class='ocrx_word' id='word_1_248' title='bbox 936 4255 977 4326; x_wconf 89' lang='lat' dir='ltr'>et</span> <span class='ocrx_word' id='word_1_249' title='bbox 996 4253 1036 4326; x_wconf 92' lang='lat' dir='ltr'>in</span> <span class='ocrx_word' id='word_1_250' title='bbox 1056 4274 1203 4327; x_wconf 90' lang='lat' dir='ltr'>summo</span> <span class='ocrx_word' id='word_1_251' title='bbox 1232 4275 1319 4328; x_wconf 88' lang='lat' dir='ltr'>aere</span> <span class='ocrx_word' id='word_1_252' title='bbox 1347 4252 1572 4344; x_wconf 86' lang='lat' dir='ltr'>diutissime,</span> <span class='ocrx_word' id='word_1_253' title='bbox 1602 4250 1709 4347; x_wconf 87' lang='lat' dir='ltr'>quasi</span> 
     </span>
     <span class='ocr_line' id='line_1_29' title="bbox 272 4374 1708 4472; baseline 0.003 -26"><span class='ocrx_word' id='word_1_254' title='bbox 272 4374 437 4449; x_wconf 91' lang='lat' dir='ltr'>ludendo</span> <span class='ocrx_word' id='word_1_255' title='bbox 465 4376 712 4467; x_wconf 85' lang='lat' dir='ltr'>volucritans,</span> <span class='ocrx_word' id='word_1_256' title='bbox 737 4376 786 4450; x_wconf 90' lang='lat' dir='ltr'>ad</span> <span class='ocrx_word' id='word_1_257' title='bbox 814 4377 995 4450; x_wconf 91' lang='lat' dir='ltr'>ultimum</span> <span class='ocrx_word' id='word_1_258' title='bbox 1023 4378 1169 4452; x_wconf 89' lang='lat' dir='ltr'>cunctis</span> <span class='ocrx_word' id='word_1_259' title='bbox 1199 4377 1370 4472; x_wconf 89' lang='lat' dir='ltr'>utrisque</span> <span class='ocrx_word' id='word_1_260' title='bbox 1398 4377 1639 4451; x_wconf 88' lang='lat' dir='ltr'>intuentihus</span> <span class='ocrx_word' id='word_1_261' title='bbox 1668 4399 1708 4450; x_wconf 89' lang='lat' dir='ltr'>se</span> 
     </span>
     <span class='ocr_line' id='line_1_30' title="bbox 274 4501 1711 4600; baseline 0.001 -26"><span class='ocrx_word' id='word_1_262' title='bbox 274 4523 314 4576; x_wconf 90' lang='lat' dir='ltr'>se</span> <span class='ocrx_word' id='word_1_263' title='bbox 340 4501 481 4578; x_wconf 90' lang='lat' dir='ltr'>leniter</span> <span class='ocrx_word' id='word_1_264' title='bbox 508 4502 548 4576; x_wconf 94' lang='lat' dir='ltr'>in</span> <span class='ocrx_word' id='word_1_265' title='bbox 582 4501 777 4578; x_wconf 90' lang='lat' dir='ltr'>cuiusdam</span> <span class='ocrx_word' id='word_1_266' title='bbox 807 4504 852 4578; x_wconf 90' lang='lat' dir='ltr'>de</span> <span class='ocrx_word' id='word_1_267' title='bbox 886 4503 1102 4578; x_wconf 91' lang='lat' dir='ltr'>christianis</span> <span class='ocrx_word' id='word_1_268' title='bbox 1131 4505 1216 4577; x_wconf 90' lang='lat' dir='ltr'>sinu</span> <span class='ocrx_word' id='word_1_269' title='bbox 1245 4503 1440 4600; x_wconf 90' lang='lat' dir='ltr'>deposuit:</span> <span class='ocrx_word' id='word_1_270' title='bbox 1471 4501 1571 4598; x_wconf 91' lang='lat' dir='ltr'>quod</span> <span class='ocrx_word' id='word_1_271' title='bbox 1599 4521 1711 4576; x_wconf 88' lang='lat' dir='ltr'>mane</span> 
     </span>
    </p>
   </div>
   <div class='ocr_carea' id='block_1_2' title="bbox 273 4725 1715 5694">
    <p class='ocr_par' dir='ltr' id='par_1_4' title="bbox 273 4725 1713 5200">
     <span class='ocr_line' id='line_1_31' title="bbox 274 4725 1710 4810; baseline -0.001 -24"><span class='ocrx_word' id='word_1_272' title='bbox 274 4725 356 4788; x_wconf 81' lang='lat' dir='ltr'>Eccl.</span> <span class='ocrx_word' id='word_1_273' title='bbox 378 4725 399 4788; x_wconf 95' lang='lat' dir='ltr'>l.</span> <span class='ocrx_word' id='word_1_274' title='bbox 420 4727 494 4804; x_wconf 88' lang='lat' dir='ltr'>VH,</span> <span class='ocrx_word' id='word_1_275' title='bbox 515 4747 540 4789; x_wconf 92' lang='lat' dir='ltr'>c.</span> <span class='ocrx_word' id='word_1_276' title='bbox 565 4730 635 4808; x_wconf 85' lang='lat'>19):</span> <span class='ocrx_word' id='word_1_277' title='bbox 657 4729 714 4790; x_wconf 89' lang='lat' dir='ltr'>sed</span> <span class='ocrx_word' id='word_1_278' title='bbox 734 4751 815 4792; x_wconf 87' lang='lat' dir='ltr'>nnnc</span> <span class='ocrx_word' id='word_1_279' title='bbox 835 4730 968 4810; x_wconf 88' lang='lat' dir='ltr'>primum</span> <span class='ocrx_word' id='word_1_280' title='bbox 990 4751 1058 4793; x_wconf 84' lang='lat' dir='ltr'>eam</span> <span class='ocrx_word' id='word_1_281' title='bbox 1077 4731 1110 4791; x_wconf 91' lang='lat' dir='ltr'>in</span> <span class='ocrx_word' id='word_1_282' title='bbox 1131 4730 1263 4794; x_wconf 86' lang='lat' dir='ltr'>ccclesia</span> <span class='ocrx_word' id='word_1_283' title='bbox 1284 4729 1357 4792; x_wconf 86' lang='lat' dir='ltr'>Sion</span> <span class='ocrx_word' id='word_1_284' title='bbox 1378 4728 1476 4790; x_wconf 86' lang='lat' dir='ltr'>fuisse</span> <span class='ocrx_word' id='word_1_285' title='bbox 1497 4727 1710 4806; x_wconf 88' lang='lat' dir='ltr'>comperimus.</span> 
     </span>
     <span class='ocr_line' id='line_1_32' title="bbox 275 4823 1713 4904; baseline -0.001 -20"><span class='ocrx_word' id='word_1_286' title='bbox 275 4823 453 4904; x_wconf 86' lang='lat' dir='ltr'>Sepulcrum</span> <span class='ocrx_word' id='word_1_287' title='bbox 474 4846 499 4887; x_wconf 89' lang='lat' dir='ltr'>s.</span> <span class='ocrx_word' id='word_1_288' title='bbox 520 4825 625 4887; x_wconf 86' lang='lat' dir='ltr'>Iacohi</span> <span class='ocrx_word' id='word_1_289' title='bbox 645 4847 705 4890; x_wconf 79' lang='lat' dir='ltr'>aon</span> <span class='ocrx_word' id='word_1_290' title='bbox 725 4827 758 4888; x_wconf 89' lang='lat' dir='ltr'>iu</span> <span class='ocrx_word' id='word_1_291' title='bbox 779 4836 883 4890; x_wconf 90' lang='lat' dir='ltr'>monte</span> <span class='ocrx_word' id='word_1_292' title='bbox 906 4829 1076 4904; x_wconf 84' lang='lat' dir='ltr'>Olivarum,</span> <span class='ocrx_word' id='word_1_293' title='bbox 1097 4835 1133 4887; x_wconf 90' lang='lat' dir='ltr'>ut</span> <span class='ocrx_word' id='word_1_294' title='bbox 1147 4828 1286 4892; x_wconf 87' lang='lat' dir='ltr'>nonnulli</span> <span class='ocrx_word' id='word_1_295' title='bbox 1302 4827 1448 4904; x_wconf 87' lang='lat' dir='ltr'>scribunt,</span> <span class='ocrx_word' id='word_1_296' title='bbox 1463 4825 1518 4890; x_wconf 83' lang='lat' dir='ltr'>sed</span> <span class='ocrx_word' id='word_1_297' title='bbox 1533 4825 1619 4886; x_wconf 84' lang='lat' dir='ltr'>iuxta</span> <span class='ocrx_word' id='word_1_298' title='bbox 1638 4829 1713 4884; x_wconf 87' lang='lat' dir='ltr'>tem·</span> 
     </span>
     <span class='ocr_line' id='line_1_33' title="bbox 273 4921 1712 5004; baseline -0.001 -22"><span class='ocrx_word' id='word_1_299' title='bbox 273 4923 355 5002; x_wconf 92' lang='lat' dir='ltr'>plum</span> <span class='ocrx_word' id='word_1_300' title='bbox 373 4921 532 5002; x_wconf 83' lang='lat' dir='ltr'>judaicum</span> <span class='ocrx_word' id='word_1_301' title='bbox 552 4923 621 4999; x_wconf 87' lang='lat' dir='ltr'>fuit,</span> <span class='ocrx_word' id='word_1_302' title='bbox 645 4933 677 4986; x_wconf 86' lang='lat' dir='ltr'>et</span> <span class='ocrx_word' id='word_1_303' title='bbox 698 4924 929 5004; x_wconf 84' lang='lat' dir='ltr'>ostendebatur,</span> <span class='ocrx_word' id='word_1_304' title='bbox 950 4935 986 4988; x_wconf 86' lang='lat' dir='ltr'>ut</span> <span class='ocrx_word' id='word_1_305' title='bbox 1007 4947 1045 4989; x_wconf 88' lang='lat' dir='ltr'>ex</span> <span class='ocrx_word' id='word_1_306' title='bbox 1064 4925 1235 5004; x_wconf 89' lang='lat' dir='ltr'>Hegessipi</span> <span class='ocrx_word' id='word_1_307' title='bbox 1255 4926 1389 4987; x_wconf 86' lang='lat' dir='ltr'>auctoris</span> <span class='ocrx_word' id='word_1_308' title='bbox 1411 4922 1618 5002; x_wconf 88' lang='lat' dir='ltr'>antiquissimi</span> <span class='ocrx_word' id='word_1_309' title='bbox 1632 4941 1712 4983; x_wconf 90' lang='lat' dir='ltr'>com·</span> 
     </span>
     <span class='ocr_line' id='line_1_34' title="bbox 274 5020 1711 5103; baseline 0.001 -24"><span class='ocrx_word' id='word_1_310' title='bbox 274 5020 434 5083; x_wconf 81' lang='lat' dir='ltr'>mentariis</span> <span class='ocrx_word' id='word_1_311' title='bbox 448 5021 530 5084; x_wconf 86' lang='lat' dir='ltr'>idem</span> <span class='ocrx_word' id='word_1_312' title='bbox 545 5023 699 5084; x_wconf 84' lang='lat' dir='ltr'>Eusebius</span> <span class='ocrx_word' id='word_1_313' title='bbox 713 5023 851 5086; x_wconf 87' lang='lat' dir='ltr'>tradidit.</span> <span class='ocrx_word' id='word_1_314' title='bbox 864 5023 895 5085; x_wconf 87' lang='lat' dir='ltr'>S.</span> <span class='ocrx_word' id='word_1_315' title='bbox 906 5024 1038 5086; x_wconf 85' lang='lat' dir='ltr'>Iacobus</span> <span class='ocrx_word' id='word_1_316' title='bbox 1051 5023 1085 5089; x_wconf 87' lang='lat' dir='ltr'>in</span> <span class='ocrx_word' id='word_1_317' title='bbox 1097 5023 1321 5103; x_wconf 85' lang='lat' dir='ltr'>Martyrologio</span> <span class='ocrx_word' id='word_1_318' title='bbox 1332 5043 1459 5084; x_wconf 86' lang='lat' dir='ltr'>romano</span> <span class='ocrx_word' id='word_1_319' title='bbox 1473 5022 1599 5084; x_wconf 89' lang='lat' dir='ltr'>dicitur:</span> <span class='ocrx_word' id='word_1_320' title='bbox 1622 5043 1639 5078; x_wconf 88' lang='lat'><strong>‹</strong></span> <span class='ocrx_word' id='word_1_321' title='bbox 1650 5039 1711 5080; x_wconf 92' lang='lat' dir='ltr'>non</span> 
     </span>
     <span class='ocr_line' id='line_1_35' title="bbox 274 5115 741 5200; baseline 0.011 -22"><span class='ocrx_word' id='word_1_322' title='bbox 274 5115 365 5197; x_wconf 87' lang='lat' dir='ltr'>longe</span> <span class='ocrx_word' id='word_1_323' title='bbox 387 5139 406 5181; x_wconf 79' lang='lat' dir='ltr'>a</span> <span class='ocrx_word' id='word_1_324' title='bbox 423 5121 538 5200; x_wconf 84' lang='lat' dir='ltr'>templo</span> <span class='ocrx_word' id='word_1_325' title='bbox 560 5123 741 5200; x_wconf 73' lang='lat' dir='ltr'>sepultus».</span> 
     </span>
    </p>

    <p class='ocr_par' dir='ltr' id='par_1_5' title="bbox 356 5216 1453 5301">
     <span class='ocr_line' id='line_1_36' title="bbox 356 5216 1453 5301; baseline 0.004 -23"><span class='ocrx_word' id='word_1_326' title='bbox 356 5216 365 5251; x_wconf 92' lang='lat'>¹</span> <span class='ocrx_word' id='word_1_327' title='bbox 386 5218 552 5297; x_wconf 72' lang='lat' dir='ltr'>Peregrin,</span> <span class='ocrx_word' id='word_1_328' title='bbox 568 5239 598 5298; x_wconf 92' lang='lat' dir='ltr'>p.</span> <span class='ocrx_word' id='word_1_329' title='bbox 621 5221 699 5280; x_wconf 91' lang='lat'>100:</span> <span class='ocrx_word' id='word_1_330' title='bbox 723 5220 866 5283; x_wconf 87' lang='lat' dir='ltr'>‹clausis</span> <span class='ocrx_word' id='word_1_331' title='bbox 886 5221 979 5283; x_wconf 87' lang='lat' dir='ltr'>ostiis</span> <span class='ocrx_word' id='word_1_332' title='bbox 999 5221 1160 5299; x_wconf 87' lang='lat' dir='ltr'>ingressus</span> <span class='ocrx_word' id='word_1_333' title='bbox 1182 5231 1231 5284; x_wconf 88' lang='lat' dir='ltr'>est</span> <span class='ocrx_word' id='word_1_334' title='bbox 1252 5219 1453 5301; x_wconf 82' lang='lat' dir='ltr'>discipulis».</span> 
     </span>
    </p>

    <p class='ocr_par' dir='ltr' id='par_1_6' title="bbox 277 5312 1715 5694">
     <span class='ocr_line' id='line_1_37' title="bbox 355 5312 1712 5398; baseline -0.001 -20"><span class='ocrx_word' id='word_1_335' title='bbox 355 5316 368 5352; x_wconf 80' lang='lat'>²</span> <span class='ocrx_word' id='word_1_336' title='bbox 389 5317 464 5380; x_wconf 88' lang='lat' dir='ltr'>Itin.</span> <span class='ocrx_word' id='word_1_337' title='bbox 485 5317 624 5396; x_wconf 88' lang='lat' dir='ltr'>Burdig:</span> <span class='ocrx_word' id='word_1_338' title='bbox 649 5320 726 5380; x_wconf 81' lang='lat' dir='ltr'>«Ibi</span> <span class='ocrx_word' id='word_1_339' title='bbox 742 5327 790 5381; x_wconf 89' lang='lat' dir='ltr'>est</span> <span class='ocrx_word' id='word_1_340' title='bbox 806 5322 936 5398; x_wconf 86' lang='lat' dir='ltr'>angulus</span> <span class='ocrx_word' id='word_1_341' title='bbox 952 5321 1047 5383; x_wconf 89' lang='lat' dir='ltr'>turris</span> <span class='ocrx_word' id='word_1_342' title='bbox 1064 5321 1301 5397; x_wconf 83' lang='lat' dir='ltr'>excelsissimae,</span> <span class='ocrx_word' id='word_1_343' title='bbox 1316 5322 1369 5382; x_wconf 90' lang='lat' dir='ltr'>ubi</span> <span class='ocrx_word' id='word_1_344' title='bbox 1383 5322 1534 5382; x_wconf 89' lang='lat' dir='ltr'>Dominus</span> <span class='ocrx_word' id='word_1_345' title='bbox 1545 5312 1712 5381; x_wconf 83' lang='lat' dir='ltr'>ascendit...</span> 
     </span>
     <span class='ocr_line' id='line_1_38' title="bbox 278 5413 1714 5501; baseline 0.001 -26"><span class='ocrx_word' id='word_1_346' title='bbox 278 5413 321 5476; x_wconf 79' lang='lat' dir='ltr'>Dt</span> <span class='ocrx_word' id='word_1_347' title='bbox 339 5415 398 5476; x_wconf 89' lang='lat' dir='ltr'>sub</span> <span class='ocrx_word' id='word_1_348' title='bbox 416 5417 511 5495; x_wconf 83' lang='lat' dir='ltr'>pinna</span> <span class='ocrx_word' id='word_1_349' title='bbox 542 5416 637 5478; x_wconf 83' lang='lat' dir='ltr'>turris</span> <span class='ocrx_word' id='word_1_350' title='bbox 658 5418 757 5496; x_wconf 87' lang='lat' dir='ltr'>ipsius</span> <span class='ocrx_word' id='word_1_351' title='bbox 788 5428 860 5480; x_wconf 87' lang='lat' dir='ltr'>sunt</span> <span class='ocrx_word' id='word_1_352' title='bbox 891 5420 1029 5482; x_wconf 88' lang='lat' dir='ltr'>cubicula</span> <span class='ocrx_word' id='word_1_353' title='bbox 1054 5417 1224 5499; x_wconf 79' lang='lat' dir='ltr'>plurime».</span> <span class='ocrx_word' id='word_1_354' title='bbox 1257 5419 1430 5482; x_wconf 83' lang='lat' dir='ltr'>Eucherius</span> <span class='ocrx_word' id='word_1_355' title='bbox 1462 5422 1501 5501; x_wconf 83' lang='lat' dir='ltr'>(a.</span> <span class='ocrx_word' id='word_1_356' title='bbox 1522 5421 1594 5500; x_wconf 70' lang='lat' dir='ltr'>elo)</span> <span class='ocrx_word' id='word_1_357' title='bbox 1621 5437 1714 5478; x_wconf 88' lang='lat' dir='ltr'>unam</span> 
     </span>
     <span class='ocr_line' id='line_1_39' title="bbox 277 5514 1715 5599; baseline 0.001 -25"><span class='ocrx_word' id='word_1_358' title='bbox 277 5519 395 5574; x_wconf 80' lang='lat' dir='ltr'>tantum</span> <span class='ocrx_word' id='word_1_359' title='bbox 415 5514 540 5594; x_wconf 62' lang='lat' dir='ltr'>munem</span> <span class='ocrx_word' id='word_1_360' title='bbox 559 5521 729 5576; x_wconf 87' lang='lat' dir='ltr'>memorat:</span> <span class='ocrx_word' id='word_1_361' title='bbox 753 5517 827 5576; x_wconf 80' lang='lat' dir='ltr'>«Ex</span> <span class='ocrx_word' id='word_1_362' title='bbox 847 5538 906 5595; x_wconf 89' lang='lat' dir='ltr'>quo</span> <span class='ocrx_word' id='word_1_363' title='bbox 929 5519 1069 5599; x_wconf 89' lang='lat' dir='ltr'>(templo)</span> <span class='ocrx_word' id='word_1_364' title='bbox 1091 5517 1220 5596; x_wconf 88' lang='lat' dir='ltr'>parietis</span> <span class='ocrx_word' id='word_1_365' title='bbox 1241 5517 1332 5580; x_wconf 89' lang='lat' dir='ltr'>unius</span> <span class='ocrx_word' id='word_1_366' title='bbox 1353 5517 1387 5578; x_wconf 91' lang='lat' dir='ltr'>in</span> <span class='ocrx_word' id='word_1_367' title='bbox 1406 5519 1503 5580; x_wconf 88' lang='lat' dir='ltr'>ruinis</span> <span class='ocrx_word' id='word_1_368' title='bbox 1535 5517 1629 5596; x_wconf 90' lang='lat' dir='ltr'>pinna</span> <span class='ocrx_word' id='word_1_369' title='bbox 1654 5535 1715 5576; x_wconf 90' lang='lat' dir='ltr'>su-</span> 
     </span>
     <span class='ocr_line' id='line_1_40' title="bbox 279 5612 1167 5694; baseline 0.005 -22"><span class='ocrx_word' id='word_1_370' title='bbox 279 5619 391 5690; x_wconf 86' lang='lat' dir='ltr'>perest,</span> <span class='ocrx_word' id='word_1_371' title='bbox 412 5613 539 5691; x_wconf 88' lang='lat' dir='ltr'>reliquis</span> <span class='ocrx_word' id='word_1_372' title='bbox 561 5613 599 5676; x_wconf 86' lang='lat' dir='ltr'>ad</span> <span class='ocrx_word' id='word_1_373' title='bbox 620 5612 819 5676; x_wconf 85' lang='lat' dir='ltr'>fundamenta</span> <span class='ocrx_word' id='word_1_374' title='bbox 838 5637 936 5694; x_wconf 89' lang='lat' dir='ltr'>usque</span> <span class='ocrx_word' id='word_1_375' title='bbox 957 5617 1167 5680; x_wconf 82' lang='lat' dir='ltr'>destructis».</span> 
     </span>
    </p>
   </div>
   <div class='ocr_carea' id='block_1_3' title="bbox 0 0 2323 6560">
    <p class='ocr_par' dir='ltr' id='par_1_7' title="bbox 0 0 2323 6560">
     <span class='ocr_line' id='line_1_41' title="bbox 0 0 2323 6560; baseline 0 0"><span class='ocrx_word' id='word_1_376' title='bbox 0 0 2323 6560; x_wconf 95' lang='lat' dir='ltr'> </span> 
     </span>
    </p>
   </div>
  </div>
 </body>
</html>
