4622 6572
546 585 553 600 .
588 547 629 611 14
831 537 835 544 ’
1131 595 1136 604 .
1216 562 1242 607 s.
1267 561 1394 612 urrann

585 767 835 858 demonstrat.
856 780 1099 880 Benedicitur
1128 783 1230 855 enim
1258 780 1382 872 Iacob,
1404 784 1450 854 nt
1470 781 1516 856 de
1544 803 1630 855 rore
1653 781 1748 855 coeli
1775 784 1815 855 et
1841 782 2026 855 ubertate

458 965 463 974 .
585 913 715 984 terrae
739 899 935 982 abundetl
965 907 1054 981 vino
1082 911 1123 983 et
1149 906 1302 981 tritico:
1332 908 1466 981 contra
1494 927 1585 982 vero
1614 907 1755 981 famem
1783 906 2025 1001 perieIItatus

585 1031 654 1126 est,
684 1036 724 1108 et
751 1032 797 1108 de
823 1032 999 1129 Aegypto
1028 1032 1223 1106 frumenta
1250 1032 1356 1105 emit.
1377 1031 1422 1104 In
1450 1032 1678 1106 servitutem
1696 1032 1732 1106 ei
1749 1035 1883 1127 gentes
1902 1031 2023 1106 subii·

584 1159 756 1233 ciuntur:
786 1157 878 1254 quin
906 1157 1033 1254 potius
1053 1156 1093 1229 in
1119 1156 1179 1229 ius
1200 1156 1410 1230 Pharaonis
1430 1157 1509 1251 ipse
1538 1157 1747 1231 cumomni
1775 1180 1845 1231 sna
1874 1157 2027 1230 familia

584 1304 624 1357 se
651 1281 766 1357 dedit.
793 1280 1021 1355 Adorandus
1048 1303 1072 1353 a
1100 1278 1330 1375 principibus
1359 1279 1519 1355 dicitur:
1549 1280 1614 1355 sed
1652 1279 1773 1375 magis
1801 1280 2027 1356 dominante

584 1408 714 1482 Laban
742 1407 968 1482 servitutem
1007 1406 1120 1482 multi
1157 1407 1341 1505 temporis
1378 1407 1554 1502 pertulit.
1593 1407 1780 1480 Dominus
1809 1406 1921 1481 fratri
1956 1429 2025 1482 suo

584 1534 845 1609 constituitur.
867 1533 925 1606 An
955 1533 1047 1629 quid
1066 1535 1225 1610 fratrem
1248 1557 1360 1608 sunm
1382 1537 1583 1630 tamquam
1603 1532 1800 1606 dominum
1821 1532 2027 1608 adoraviti

585 1657 683 1755 Ergo
712 1660 802 1755 quia
821 1658 1008 1754 scriptura
1028 1660 1224 1735 mendacio
1252 1683 1329 1739 non
1348 1659 1601 1755 periclitatur,
1618 1658 1715 1732 licet·
1728 1657 1768 1730 in
1799 1656 1914 1732 Iacob
1933 1657 2026 1732 haec

585 1785 687 1860 dicta
707 1787 810 1858 sunt:
832 1784 872 1856 in
891 1785 1074 1879 populum
1094 1789 1224 1860 tamen
1244 1807 1357 1880 quem
1373 1783 1670 1880 praeformabat,
1691 1787 1731 1857 et
1746 1782 2024 1878 significantur,

585 1914 625 1987 et
652 1913 820 2006 aguntur
833 1901 858 1983 ².
877 1910 983 1985 Haec
1001 1912 1103 1986 enim
1127 1913 1255 1985 omnia
1274 1910 1482 1986 secundum
1502 1909 1725 2005 prophetica
1746 1912 1787 1984 et
1806 1910 2026 2004 evangelica

584 2035 769 2132 promissa
798 2019 970 2109 fideIIhus
997 2039 1255 2125 reservantur,
1285 2035 1424 2131 quippe
1453 2033 1641 2107 mundum
1670 2035 1710 2107 et
1744 2033 1899 2128 angelos
1926 2033 2025 2105 iudi·

584 2160 739 2252 caturis,
769 2163 809 2235 et
836 2161 876 2233 in
903 2161 1203 2256 regnicoelestis
1223 2161 1458 2236 consortium
1486 2160 1701 2236 destinetis.
1724 2158 1899 2254 Denique
1916 2159 2027 2254 ipsud

584 2287 679 2361 illud
707 2285 980 2361 benedictionis
1008 2285 1203 2360 exordium
1222 2308 1299 2358 non
1327 2308 1386 2359 res
1414 2287 1632 2380 praesentes
1662 2283 1728 2357 sed
1756 2281 1908 2356 futuras
1936 2305 2021 2378 per·

585 2413 780 2507 sectasque
808 2411 1084 2506 complectitur.
1114 2410 1182 2484 Ait
1209 2410 1327 2484 enim:
1362 2413 1378 2445 ‘⁴
1402 2410 1496 2484 Ecce
1518 2410 1611 2484 odor
1630 2407 1699 2481 filii
1721 2409 1797 2482 mei
1825 2411 2027 2504 tamquam

585 2537 678 2612 odor
696 2537 779 2633 agri
797 2537 912 2632 pleni,
933 2557 1048 2631 quem
1066 2535 1262 2610 benedixit
1280 2535 1382 2609 Deus
1402 2591 1434 2622 ,.
1456 2533 1556 2609 Odor
1575 2534 1733 2629 spiritns
1755 2537 1796 2609 et
1815 2535 2027 2629 praescien-

523 2672 558 2729 1³
585 2653 687 2751 tia³;
717 2682 807 2756 ager
830 2653 837 2756 Ι
862 2660 994 2755 plenus
1013 2659 1193 2756 perfectio
1213 2659 1409 2733 fructuum
1429 2661 1507 2734 est:
1525 2662 1566 2733 et
1585 2681 1686 2754 ager,
1707 2658 1807 2733 sicut
1827 2659 2029 2754 evangelia

586 2787 744 2876 docent,
776 2807 845 2881 pro
878 2785 1028 2858 saeculo
1061 2787 1326 2880 nuncupatur:
1364 2783 1606 2857 benedictum
1638 2786 1771 2856 autem
1807 2783 2027 2876 saeculum,

587 2933 664 2984 non
691 2909 825 3006 utique
852 2907 954 3005 qnod
982 2907 1211 2983 dissolvetur
1240 2911 1281 2982 et
1307 2930 1384 2982 non
1418 2907 1504 2998 erIt,
1534 2905 1599 2982 sed
1628 2906 1729 3002 quod
1757 2909 1959 2982 aeternum
1988 2912 2030 2982 et

586 3033 762 3130 perfectis
790 3033 978 3107 fructibus
1006 3032 1161 3128 plenum
1189 3035 1259 3122 est,
1279 3031 1483 3127 significari
1504 3031 1805 3106 existimandum
1824 3035 1894 3106 est.
1925 3032 2028 3128 Ergo

587 3182 672 3234 curn
701 3158 802 3233 idem
821 3159 872 3232 sit
892 3158 984 3232 odor
1002 3157 1127 3248 Iacob,
1149 3158 1213 3253 qui
1234 3161 1315 3253 agri
1335 3158 1437 3253 pleni
1457 3159 1535 3246 est;
1559 3157 1799 3232 odorantem
1820 3159 2029 3233 secundum

586 3288 765 3362 naturam
795 3305 922 3358 rerum
949 3285 1200 3379 praescientia
1227 3283 1279 3357 sit
1306 3283 1474 3380 spiritus,
1490 3305 1577 3357 cum
1606 3283 1697 3378 quid
1726 3307 1957 3381 unaquaque
1986 3309 2031 3361 re

585 3410 637 3483 sit
652 3431 698 3484 ex
718 3407 942 3483 odoratione
960 3409 1147 3482 sentitur:
1169 3409 1267 3482 hanc
1286 3409 1437 3483 odorari
1455 3431 1508 3500 se,
1527 3409 1568 3482 id
1587 3413 1646 3483 est
1665 3410 1854 3504 praescire
1872 3412 2026 3506 spirItu,

585 3533 889 3609 benedictionem
916 3533 1046 3628 populi
1065 3533 1237 3623 iunioris,
1258 3528 1392 3608 isahac
1411 3533 1621 3629 significat;
1649 3556 1747 3629 quae
1767 3536 1915 3610 aeterni
1944 3515 2048 3609 sae-¹

585 3659 668 3733 cuii'
681 3659 813 3732 futura
832 3666 880 3732 est
893 3649 918 3750 ⁴,
938 3660 1103 3753 utroque
1121 3658 1200 3748 ille,
1221 3658 1260 3731 id
1280 3662 1338 3732 est
1358 3662 1399 3733 et
1417 3659 1567 3733 saeculo
1587 3659 1712 3754 etqui
1732 3681 1777 3732 eo
1798 3660 1849 3733 sIt
1875 3683 2027 3752 usurae,

586 3786 755 3858 aeterno.
772 3782 900 3879 Atque
915 3784 961 3856 ut
975 3782 1235 3856 abundantem
1254 3782 1324 3858 Dei
1344 3783 1643 3859 misericordiam
1663 3785 1703 3856 in
1722 3784 2029 3880 praeformandis

585 3908 655 3982 sub
684 3907 946 4004 praesentibus
974 3905 1193 3980 futurorum
1223 3907 1420 3982 effectibus
1449 3929 1700 4000 cerneremus,
1729 3910 1858 3982 omnia
1886 3910 1943 3984 ita
1971 3909 2028 3982 di·
2069 3913 2075 3921 “

585 4033 749 4128 ligenter
774 4032 880 4106 edita
908 4035 1025 4127 atque
1053 4031 1194 4126 scripta
1222 4035 1325 4124 sunt,
1354 4035 1400 4106 ut
1428 4034 1468 4106 in
1495 4055 1576 4107 ram
1603 4036 1753 4129 gestam
1786 4037 1826 4108 et
1854 4036 1894 4106 In
1922 4055 2028 4129 spem

586 4159 760 4232 futuram
779 4179 879 4230 unus
898 4159 1015 4252 atque
1034 4155 1136 4230 idem
1155 4157 1340 4232 historiae
1360 4157 1453 4232 ordo
1469 4161 1725 4234 concurreret.
1746 4159 2032 4235 Benedicturns

586 4283 688 4391 enim
715 4282 850 4358 Isahac
876 4281 989 4358 Iacob
1008 4303 1076 4377 pro
1095 4281 1194 4356 Esau
1224 4282 1410 4357 solIIcitus
1429 4287 1499 4376 est,
1529 4305 1577 4360 ne
1603 4306 1757 4379 quoquo
1785 4305 1924 4379 genere
1953 4283 2025 4357 fai·

586 4409 710 4482 latur:
738 4407 840 4482 Esau
868 4407 970 4481 enim
998 4428 1037 4482 se
1064 4406 1177 4481 Iacob
1206 4427 1286 4482 esse
1306 4407 1476 4482 dicebat:
1506 4431 1638 4483 caecus
1658 4430 1747 4504 ergo
1771 4407 1906 4483 isahac
1936 4432 2026 4484 cnm

586 4535 706 4622 esset,
735 4524 937 4607 dicebat⁵:
976 4534 992 4566 “
1027 4530 1171 4606 Accede
1200 4531 1248 4606 ad
1277 4555 1351 4624 me,
1379 4536 1419 4606 et
1457 4533 1684 4629 pertentabo
1723 4537 1783 4625 te,
1820 4533 1893 4624 fiii,
1923 4535 2029 4607 situ

586 4679 626 4731 es
653 4655 755 4730 filius
782 4677 889 4731 niens
917 4655 1030 4747 Esau,
1060 4659 1130 4732 aut
1157 4679 1233 4730 non
1258 4713 1289 4744 ,.
1311 4657 1362 4731 Et
1388 4681 1623 4754 quamquam
1642 4659 1707 4734 ille
1726 4661 1838 4750 esset,
1858 4662 1899 4735 et
1926 4659 2027 4733 Esau

587 4784 686 4857 esset
713 4781 814 4856 stola
832 4781 1002 4872 indutus,
1023 4782 1162 4856 eteius
1181 4783 1340 4877 speciem
1362 4783 1519 4878 pellium
1538 4784 1806 4879 adsumptione
1826 4786 2027 4876 mentitae,

587 4907 718 4982 tamen
744 4928 822 4980 non
840 4905 921 4981 sine
942 4906 1153 5002 suspicione
1172 4909 1435 4983 contractatus
1463 4931 1486 4981 a
1506 4931 1615 4985 caeco
1636 4912 1706 4984 est.
1728 4908 1796 4984 Ait
1822 4911 2028 4986 enimcum

656 5175 678 5262 '¹
694 5215 852 5280 habundet
871 5253 911 5266 -
932 5227 944 5261 ²
959 5218 990 5282 S.
1010 5219 1075 5282 Hil.
1090 5221 1197 5281 Enarr.
1212 5219 1244 5280 in
1258 5221 1415 5283 Psalmum
1431 5221 1548 5283 CXXI:
1565 5221 1684 5294 «Quod
1698 5219 1833 5302 idipsum
1854 5222 2027 5284 benedictio

588 5313 621 5377 In
633 5315 727 5378 Iacob
745 5315 785 5378 ad
800 5335 886 5397 spem
900 5315 1036 5380 fidelium
1046 5318 1253 5397 praeformata
1267 5319 1421 5397 significat
1432 5344 1459 5380 ».
1472 5320 1514 5379 Et
1522 5321 1555 5382 in
1566 5319 1714 5382 Tractatu
1723 5321 1755 5380 in
1765 5321 1882 5380 Psalm.
1895 5320 2026 5398 CXVII,

587 5412 650 5476 litt.
667 5415 713 5496 18,
729 5420 818 5493 atque
834 5413 949 5478 insitis
963 5417 1040 5480 locis
1054 5452 1094 5463 —
1108 5425 1117 5457 ³
1133 5418 1311 5496 praesentia
1327 5452 1359 5466 -
1376 5427 1387 5460 ⁴
1403 5417 1537 5480 futuram
1555 5454 1587 5466 -
1605 5428 1616 5460 ⁶
1631 5418 1744 5482 Genea.
1762 5419 1903 5498 XXVII,
1924 5440 1954 5480 v.
1976 5419 2026 5478 21.
