4622 6572
617 675 650 720 Il.
676 674 721 719 Du
743 674 769 718 8·
794 670 920 718 nlullan
943 671 1120 717 MYS'PERIIS
1143 671 1186 716 Er
1209 671 1336 719 mma
1658 673 1701 717 XV
1819 714 1826 724 ,

261 895 534 993 Mysteriorum
554 898 595 969 et
612 892 787 990 Hymnos
806 892 1038 967 bibliotheca
1057 893 1262 968 casinensis
1280 896 1321 969 et
1339 916 1369 966 s.
1388 893 1526 967 Hilarii
1538 893 1701 990 Exposi-

262 1005 409 1114 tionom
441 1060 558 1135 super
585 1036 776 1133 Epistolas
804 1036 1014 1128 canonicas,
1039 1035 1292 1132 nequicquam
1311 1058 1423 1136 saepe
1441 1037 1703 1133 perquisitam,
1754 1083 1756 1086 -
1833 1003 1836 1010 ¹

263 1184 489 1260 continebat
510 1173 533 1257 l:
571 1183 819 1278 quamobrem
847 1181 1043 1257 Arretium
1082 1181 1250 1255 delatam
1276 1203 1468 1256 unacum
1504 1181 1706 1278 praedictis

265 1327 381 1403 fuisse
409 1327 656 1402 arbitramur.
1503 1427 1506 1434 Ι

343 1472 530 1548 Discissus
564 1493 608 1546 ac
635 1471 716 1545 fere
735 1469 956 1544 dimidiatus
977 1469 1025 1544 ad
1044 1493 1113 1544 nos
1131 1469 1194 1543 hic
1214 1470 1417 1545 Tractatus
1435 1470 1707 1566 Mysteriorum

265 1617 461 1713 pervenit:
490 1615 601 1690 initio
629 1613 732 1688 enim
758 1613 982 1711 paginisque
1009 1613 1246 1688 intermediis
1274 1614 1371 1690 liber
1406 1615 1550 1711 primus
1588 1618 1705 1706 caret,

267 1761 421 1836 duobus
450 1759 646 1857 quaternis
665 1757 762 1834 liber
780 1759 977 1834 secundus.
1000 1758 1103 1845 erae
1122 1761 1174 1833 sit
1192 1760 1315 1856 operis
1334 1782 1495 1850 summa,
1516 1759 1705 1856 quomodo

266 1924 347 1978 rem
380 1901 454 1977 sibi
472 1901 709 2000 propositam
737 1900 985 1998 explicaverit
1003 1904 1149 1992 auctor,
1169 1901 1415 1998 perspicimus
1430 1903 1572 1975 tamen.
1595 1901 1708 1975 Prae·

266 2049 383 2139 terea,
410 2068 511 2143 quae
539 2046 579 2120 in
599 2045 675 2121 fine
694 2045 817 2142 operis
836 2046 1031 2142 leguntur,
1052 2045 1245 2142 epilogum
1265 2045 1468 2142 quemdam
1488 2048 1706 2143 exponunt:

272 2189 413 2263 “Finit
442 2188 652 2262 Tractatus
678 2187 950 2286 Mysteriorum
979 2209 1008 2261 s.
1028 2187 1167 2261 Hilarii
1196 2187 1359 2286 episcopi
1380 2189 1427 2262 ab
1447 2187 1569 2262 Adam
1590 2210 1709 2285 usque

274 2329 356 2419 ,ad
383 2329 478 2422 Noe,
508 2329 643 2404 deinde
673 2329 837 2421 abraae,
862 2329 985 2422 isaac,
1008 2330 1134 2424 iacob,
1153 2330 1311 2428 Moysis,
1330 2333 1372 2404 et
1391 2329 1484 2406 Osee
1502 2321 1710 2428 prophetae

274 2527 289 2560 ,
307 2474 349 2547 et
366 2470 501 2546 Heliae
521 2527 552 2558 ,.
570 2471 627 2558 eu
638 2493 684 2547 ae
705 2472 754 2546 ad
773 2473 1011 2569 patriarchas
1029 2473 1070 2546 in
1087 2473 1209 2570 primo
1229 2473 1473 2548 declarantur
1486 2473 1596 2564 libro,
1613 2495 1711 2568 quae

269 2617 318 2690 ad
345 2617 551 2713 prophetas
585 2617 625 2690 in
654 2616 829 2691 secunde.
847 2617 1101 2704 Quamobrem
1120 2619 1153 2691 si
1170 2617 1395 2716 Hieronymi
1414 2613 1530 2694 verba
1549 2639 1709 2714 perpen-

269 2752 405 2837 deris²:
440 2765 455 2796 “
476 2761 588 2836 hiber
616 2761 860 2859 Hymnorum
890 2765 930 2836 et
958 2763 1228 2860 Mysteriorum
1267 2763 1364 2836 alius
1384 2785 1416 2850 ,z
1445 2763 1519 2837 tibi
1546 2763 1611 2836 ille
1639 2763 1710 2838 hoc

270 2926 364 3000 opus
391 2903 626 2977 hilarianum
643 2904 847 3002 improprie
866 2905 1052 2981 indicasse
1072 2906 1285 2982 videbitur:
1306 2905 1346 2979 in
1365 2906 1488 2980 medio
1508 2905 1611 2979 enirn
1636 2908 1708 2997 est,

269 3070 346 3122 non
374 3069 452 3122 uno
479 3047 578 3123 libro
606 3048 672 3122 sed
700 3048 849 3123 duobus
878 3051 1053 3125 constare
1082 3052 1310 3124 tractatum.
1349 3047 1524 3124 Solemne
1560 3049 1713 3145 quidem

271 3191 347 3265 fuit
375 3191 478 3287 apud
504 3191 685 3287 antiquos
709 3191 887 3268 ecclesiae
907 3192 1249 3289 patres,·quicquid
1267 3192 1307 3265 in
1326 3191 1467 3266 veteris
1488 3192 1714 3266 testamenti

269 3335 376 3410 libris
404 3335 634 3426 continetur,
667 3338 710 3408 ut
738 3336 830 3411 novi
862 3337 1162 3430 institutionem,
1191 3338 1238 3410 ut
1264 3337 1453 3411 adventus
1486 3335 1626 3410 Christi
1654 3359 1712 3409 sa-

269 3479 439 3576 lutisque
466 3479 658 3554 humanae
685 3480 927 3578 prophetiam
957 3480 1086 3572 fuisse,
1115 3483 1156 3555 et
1183 3484 1314 3555 sancte
1342 3480 1495 3555 credere
1531 3483 1572 3554 et
1609 3481 1712 3575 inge·

273 3623 378 3698 niose
396 3622 601 3718 requirere.
631 3622 677 3694 ln
706 3623 891 3698 eiusmodi
918 3623 1092 3697 studium
1113 3647 1142 3697 s.
1167 3623 1356 3697 Hilarium
1376 3624 1462 3696 toto
1482 3625 1634 3719 pectore
1654 3621 1711 3694 in-

273 3763 448 3840 cubuisse
475 3763 564 3837 libri
591 3764 639 3839 ab
667 3785 713 3839 eo
740 3763 834 3839 editi
862 3764 1026 3839 maxime
1054 3769 1261 3840 testantur.
1290 3764 1375 3862 Ipse
1403 3763 1517 3856 enirn,
1543 3763 1635 3859 quid
1663 3761 1710 3836 de

273 4043 345 4104 dam
366 4042 486 4105 erudito
507 4042 583 4122 viro,
598 4052 634 4104 ut
651 4043 762 4105 inillis
783 4043 914 4106 edendis
934 4043 1042 4106 retulit
1062 4044 1208 4107 Nicolaus
1225 4043 1556 4122 Faber-Fragmenta
1569 4062 1608 4103 ex
1622 4061 1714 4120 opere

273 4140 420 4203 historico
441 4163 480 4203 ex
498 4141 688 4204 bibliotheca
702 4142 738 4202 P.
755 4143 891 4221 Pithoei,
913 4143 1045 4204 Parisiis
1062 4145 1149 4205 1598.
1172 4142 1275 4216 Quum
1288 4143 1325 4204 P.
1342 4143 1476 4204 Oustant
1490 4141 1637 4220 optimam
1653 4140 1716 4202 edi·

273 4238 387 4302 tionem
397 4239 577 4302 hilarianam
588 4240 786 4320 confecisset,
799 4240 919 4302 inedita
933 4241 1083 4320 quaedam
1097 4241 1242 4304 inseruit:
1257 4242 1382 4320 itemP.
1398 4241 1538 4302 Martene
1550 4239 1715 4300 Tractatus

273 4339 306 4400 in
326 4340 443 4418 aliquot
463 4339 600 4418 psalmos
620 4338 738 4419 primus
760 4339 933 4418 evulgavit.
955 4339 989 4401 Si
1010 4339 1096 4402 Sixto
1119 4340 1248 4402 Senensi
1270 4339 1364 4420 (Bibl.
1386 4339 1505 4400 Eccles.
1520 4337 1547 4415 1,
1566 4357 1596 4415 p.
1611 4337 1715 4417 LXV)

272 4439 366 4502 fidem
386 4440 499 4503 addere
519 4439 670 4512 volumus,
694 4449 761 4500 tum
781 4438 942 4500 ferebatur
961 4439 994 4500 in
1014 4440 1168 4521 Hispaqia
1194 4439 1284 4500 condi
1310 4446 1411 4499 totum
1438 4437 1619 4516 psalterium
1646 4457 1715 4497 cum

274 4539 499 4602 commentariis
520 4537 644 4598 Hilarii.
668 4539 773 4598 Etiam
793 4537 940 4600 Liverani
960 4538 992 4599 in
1013 4558 1070 4600 suo
1092 4537 1254 4618 spicilegio
1266 4537 1430 4598 Liberiano
1446 4535 1546 4596 edidit
1560 4534 1718 4613 fragmen·

274 4643 339 4698 tum
360 4636 472 4716 capitis
493 4636 621 4698 secundi
643 4641 674 4696 in
691 4635 874 4698 Mattheum.
889 4636 998 4713 Neque
1012 4643 1061 4698 eet
1074 4635 1342 4715 praetereundum,
1359 4633 1439 4712 quod
1454 4633 1579 4695 saeculo
1594 4631 1713 4693 decimo

274 4734 307 4794 in
320 4735 505 4798 monasterio
520 4733 788 4796 Laureshamense
804 4735 922 4812 aliquot
943 4735 1092 4814 epistolae
1113 4755 1138 4797 s.
1160 4734 1275 4795 Hilarii
1296 4733 1511 4811 servabantur,
1532 4738 1568 4792 ut
1588 4731 1620 4792 in
1635 4738 1715 4792 cata·

274 4830 346 4910 logo
367 4839 463 4911 patet,
485 4831 570 4893 edito
591 4852 610 4893 a
629 4832 762 4908 Becker,
778 4851 805 4892 o.
828 4853 853 4892 o.
874 4853 904 4892 n.
926 4833 983 4892 36:
1004 4832 1113 4909 quibus
1134 4851 1172 4892 ex
1201 4831 1343 4910 epistolis
1370 4831 1409 4892 ab
1435 4829 1624 4908 Hieronymo
1651 4847 1721 4888 me·¹

274 4929 402 4990 moratis
423 4930 508 4992 nulla
527 4929 690 5009 naufragio
712 4937 885 5008 temporum
906 4931 1015 4992 evasit

357 5027 365 5061 ¹
381 5027 420 5088 In
441 5027 590 5106 Catalogo
605 5048 631 5089 a.
650 5029 745 5089 1532:
769 5029 941 5109 Expositio.
957 5029 1003 5093 sci
1017 5028 1118 5089 Ylarii
1132 5049 1226 5108 super
1240 5028 1399 5108 Epistolas
1414 5027 1575 5088 canonicas
1590 5026 1715 5106 incipit:

277 5123 412 5204 Septem.
435 5125 599 5187 Tractatus
619 5127 652 5190 in
673 5126 825 5204 quasdam
847 5129 939 5189 Pauli
961 5127 1120 5206 epistolas,
1142 5147 1219 5206 qnos
1240 5129 1277 5189 cl.
1299 5149 1329 5190 v.
1350 5127 1418 5188 Ioh.
1440 5127 1531 5205 Bapt.
1552 5124 1601 5184 De
1628 5123 1717 5184 Pitra

277 5223 336 5284 sub
357 5223 479 5284 nomine
500 5243 526 5285 s.
546 5224 660 5285 Hilarii
681 5225 714 5286 in
734 5226 835 5286 lucem
856 5226 994 5306 prodidit
1015 5227 1228 5306 (Spicilepium
1247 5227 1434 5289 Solesmease
1455 5225 1491 5284 Τ.
1505 5224 1523 5283 Ι
1537 5243 1567 5301 p.
1578 5222 1641 5300 49),
1656 5241 1718 5282 non

277 5319 317 5382 ad
338 5341 408 5382 eum
422 5322 480 5384 sed
494 5321 534 5382 ad
548 5321 744 5384 Theodorum
764 5325 1018 5405 Mopsuesteuum
1036 5325 1194 5404 pertinent
1208 5325 1304 5386 latine
1319 5343 1509 5401 conversum,
1524 5329 1559 5382 ut
1573 5321 1717 5399 comperi·

277 5440 345 5483 mus
374 5440 413 5482 ex
439 5420 575 5483 editione
596 5422 686 5484 modo
707 5423 847 5486 confecta
867 5444 886 5484 a
905 5425 946 5484 H.
967 5425 1006 5485 B.
1028 5424 1157 5501 Swerte,
1179 5423 1366 5504 Cambridge
1392 5423 1479 5484 1882.
1501 5421 1563 5483 vol.
1585 5423 1613 5498 2,
1634 5419 1667 5479 in
1687 5421 1715 5478 8.

359 5519 565 5600 ’Hieronym
586 5523 635 5582 De
655 5521 769 5600 Script.
791 5525 892 5584 eccles.
914 5523 947 5585 in
966 5523 1098 5585 Hilario.
