4604 6560
780 703 824 749 an
849 703 933 752 noca
956 704 1085 750 ennom
1107 705 1162 752 au.
1185 711 1287 753 aas-aaa
1712 691 1751 756 71

316 921 401 998 siri:
429 921 495 997 sed
508 944 594 998 cum
608 923 776 999 volueris
793 924 860 1015 ire,
880 923 980 998 imus
998 927 1138 1016 tecum,
1159 927 1199 999 et
1218 924 1456 1000 ostendimus
1480 925 1565 1018 tibi,
1594 949 1684 1000 nam
1712 928 1754 1002 et

317 1047 430 1121 multi
455 1047 632 1123 monachi
658 1048 712 1122 ibi
739 1051 831 1122 sunt
857 1049 970 1124 valde
997 1049 1132 1142 sancti,
1154 1051 1195 1125 et
1214 1051 1362 1140 ascitas,
1378 1052 1419 1125 et
1432 1053 1565 1125 sancta
1594 1051 1752 1126 ecclesia

318 1175 377 1247 est
389 1172 455 1247 ibi.
474 1171 576 1246 Illud
594 1173 712 1248 etiarn
730 1174 913 1270 requisivi
932 1199 954 1250 a
974 1178 1105 1250 sancto
1124 1175 1310 1270 episcopo,
1339 1175 1497 1249 ubinam
1526 1179 1626 1252 esset
1648 1178 1754 1251 locus

318 1297 383 1370 ille
411 1295 674 1389 Ohaldeorum,
696 1299 762 1372 ubi
788 1300 1061 1374 habitaverant
1088 1301 1211 1395 primo
1240 1299 1366 1373 Thana
1394 1321 1480 1375 cum
1508 1300 1597 1374 suis.
1619 1300 1724 1376 Tunc
1748 1291 1753 1401 l
1783 1315 1817 1370 sa

319 1421 376 1496 ait
402 1422 518 1496 michi
545 1423 624 1517 ipse
651 1426 805 1499 sanctus
836 1425 1052 1520 episcopus:
1082 1425 1187 1500 locus
1215 1425 1290 1515 ille,
1319 1423 1410 1514 filia,
1441 1446 1556 1520 quem
1580 1427 1754 1522 requiris,

321 1545 465 1620 decima
492 1547 688 1623 mansione
715 1551 775 1623 est
801 1549 901 1639 hinc,
929 1549 1033 1624 intus
1061 1549 1102 1622 in
1130 1547 1297 1623 Persida.
1322 1547 1423 1622 Nam
1441 1550 1530 1624 hinc
1557 1571 1678 1644 usque
1706 1551 1755 1624 ad

317 1669 468 1744 Nibisin
490 1672 708 1748 mansiones
737 1677 828 1747 sunt
855 1675 1024 1770 quinque
1036 1694 1045 1761 ;
1067 1673 1215 1750 atinde
1237 1695 1355 1768 usque
1374 1672 1423 1746 ad
1442 1671 1537 1764 Hur,
1558 1695 1655 1769 quae
1679 1675 1757 1748 fuit

318 1795 454 1872 civitas
474 1795 736 1891 chaldeorum,
762 1799 860 1876 aliae
888 1799 1105 1875 mansiones
1134 1802 1226 1874 sunt
1248 1799 1436 1895 quinque:
1466 1797 1532 1874 sed
1561 1798 1674 1873 modo
1702 1799 1756 1872 ibi

319 1943 487 1997 accessus
501 1921 758 1998 Romanorum
773 1946 851 1999 non
865 1928 943 2013 est;
959 1927 1087 2000 totum
1107 1923 1209 2000 enim
1222 1923 1318 1998 illud
1332 1923 1470 1998 Persae
1488 1927 1636 1998 tenent.
1652 1923 1756 1998 Haec
1858 1913 1860 1920 ’

319 2048 451 2120 autem
464 2070 552 2143 pars
578 2048 792 2144 specialiter
811 2049 1009 2152 orientalis
1029 2047 1259 2144 appellatur,
1278 2068 1375 2141 quae
1395 2048 1454 2121 est
1481 2045 1521 2119 in
1549 2045 1755 2120 confinium

320 2167 579 2246 Romanorum
597 2175 639 2248 et
657 2173 872 2264 Persarum,
886 2175 949 2250 vel
963 2173 1216 2248 Chaldeorum
1232 2166 1256 2246 ¹.
1273 2171 1322 2244 Et
1341 2173 1466 2246 cetera
1485 2171 1595 2265 plura
1614 2171 1755 2246 referre

319 2293 499 2388 dignatus
527 2299 596 2388 est,
626 2298 724 2373 sicut
742 2300 783 2372 et
801 2299 916 2374 ceteri
936 2299 1059 2374 sancti
1077 2297 1240 2392 episcopi
1259 2296 1320 2372 vel
1346 2295 1467 2369 sancti
1494 2297 1670 2370 monachi
1697 2296 1754 2369 fa·

318 2438 402 2493 cere
431 2419 700 2516 dignabantur,
721 2424 850 2498 omnia
868 2426 1000 2498 tamen
1020 2421 1282 2518 descriptoris
1302 2420 1372 2496 Dei
1388 2420 1450 2494 vel
1470 2420 1648 2494 asauctis
1662 2421 1755 2496 viris

318 2547 440 2638 gesta,
467 2545 507 2618 id
535 2550 593 2622 est
620 2547 826 2638 monachis,
856 2547 935 2622 sive
963 2547 1030 2642 qui
1050 2547 1127 2620 iam
1162 2547 1408 2635 recesserant,
1438 2565 1535 2640 quae
1563 2543 1756 2618 mirabilia

320 2666 490 2761 fecerint,
510 2671 590 2746 sive
609 2671 727 2746 etiam
741 2672 808 2767 qui
822 2671 945 2746 adhuc
964 2672 1004 2744 in
1023 2693 1178 2766 corpore
1197 2672 1300 2761 sunt,
1321 2690 1418 2764 quae
1442 2668 1580 2744 cotidie
1598 2668 1754 2760 faciant,

320 2790 361 2863 hi
387 2794 531 2886 tamen,
560 2795 627 2890 qui
649 2799 741 2870 sunt
767 2797 915 2872 ascitas.
944 2795 1044 2870 Nam
1064 2797 1154 2871 nolo
1174 2793 1328 2870 estimet
1346 2792 1496 2868 affectio
1514 2794 1654 2883 vestra,
1675 2814 1755 2865 mc·

320 2916 530 2994 nachorum
549 2919 754 3016 aliquando
773 2911 1002 3016 aliquando²
1022 2919 1116 2994 alias
1133 2919 1283 2994 fabulas
1302 2940 1393 3010 esse,
1408 2917 1483 2992 nisi
1496 2921 1566 2991 aut
1580 2918 1626 2993 de
1641 2909 1755 3014 scrip·

319 3043 418 3118 turis
445 3042 528 3136 Dei,
557 3049 627 3119 aut
652 3049 761 3142 gesta
788 3046 1062 3121 monachorum
1089 3045 1289 3120 maiorum.

398 3167 492 3243 Post
519 3169 636 3245 biduo
664 3174 794 3248 autem
822 3194 940 3267 quam
967 3171 1019 3245 ibi
1046 3170 1223 3261 feceram,
1251 3169 1362 3243 duxit
1388 3189 1457 3242 nos
1484 3167 1680 3263 episcopus
1708 3168 1757 3241 ad

320 3293 482 3386 puteum
519 3294 645 3387 illum,
682 3296 750 3370 ubi
785 3295 1047 3392 adaquaverat
1087 3298 1241 3370 sanctus
1280 3294 1394 3369 Iacob
1431 3301 1567 3391 pecora
1604 3296 1759 3369 sanctae

320 3415 481 3507 Rachel;
511 3419 577 3515 qui
609 3423 748 3516 puteus
779 3423 887 3494 sexto
920 3419 1086 3493 miliario
1119 3421 1178 3494 est
1205 3441 1229 3492 a
1257 3417 1426 3493 Charris:
1456 3419 1496 3490 in
1524 3417 1631 3491 cuius
1651 3417 1759 3514 putei

320 3540 504 3617 honorem
544 3542 732 3620 fabricata
759 3547 819 3619 est
847 3544 902 3619 ibi
929 3546 1036 3619 iuxta
1062 3546 1196 3620 sancta
1227 3544 1382 3620 ecclesia
1414 3543 1547 3638 ingens
1578 3542 1691 3618 valde
1718 3545 1759 3617 et

320 3666 493 3762 pulchra.
513 3667 574 3744 Ae
592 3691 705 3767 quem
729 3673 888 3766 puteum
909 3691 996 3745 cum
1013 3668 1260 3761 venissemus,
1288 3669 1392 3744 facta
1419 3670 1480 3742 est
1506 3667 1555 3742 ab
1584 3667 1758 3763 episcopo

321 3791 467 3866 oratio:
509 3793 630 3868 lectus
671 3792 790 3868 etiam
825 3793 931 3868 locus
966 3793 1046 3889 ipse
1077 3792 1124 3868 de
1157 3791 1314 3867 Genesi:
1348 3791 1473 3868 dictus
1505 3790 1623 3865 etiam
1659 3813 1758 3866 unus

232 3953 239 3964 ·
321 3918 488 4014 psalmus
514 3921 732 4015 competens
758 3919 862 3994 loco:
891 3921 1008 4014 atque
1026 3917 1169 3993 iterata
1189 3917 1363 3992 oratione
1381 3915 1575 4000 benedixit
1593 3938 1662 3991 nos
1680 3915 1758 4011 epi·

402 4266 412 4302 ¹
428 4266 558 4329 Oouatat
571 4287 609 4330 ex
621 4267 671 4329 his
685 4267 790 4330 verbis
811 4268 948 4348 episcopi
969 4268 1156 4331 Charrarum
1176 4268 1302 4358 Nisilp‘n
1321 4274 1480 4347 totamque
1491 4269 1649 4347 regionem
1664 4269 1760 4331 orien·

319 4363 414 4426 talem
434 4365 512 4426 citra
533 4365 652 4444 Tigrim
671 4364 704 4426 in
723 4363 887 4427 Persarum
908 4365 1076 4427 dominium
1102 4364 1260 4428 redactam
1288 4370 1380 4443 atque
1408 4385 1505 4428 novos
1533 4364 1655 4444 imperii
1681 4364 1760 4426 fines

320 4463 507 4525 constitutos
528 4483 598 4527 esse
618 4470 746 4544 propter
764 4464 937 4543 pactionem
958 4465 997 4525 ab
1016 4463 1145 4526 Ioviano
1165 4483 1234 4525 cnm
1249 4463 1295 4526 eis
1309 4463 1436 4542 indigna
1449 4463 1635 4525 confectam.
1655 4461 1759 4535 Quare

319 4561 598 4640 peregrinationem
617 4562 773 4640 aliquanto
794 4568 867 4643 poet
886 4561 945 4624 hcc
964 4567 1087 4640 tempus
1108 4562 1148 4641 (a.
1165 4563 1224 4623 363
1237 4582 1268 4641 p.
1290 4561 1375 4642 Chr.)
1398 4561 1541 4625 evenisse
1561 4566 1760 4640 perspectum

320 4658 477 4722 habemus.
499 4653 619 4722 Nisibis
633 4661 707 4722 urbs
720 4680 832 4738 magna
845 4659 1088 4740 Mesopotamiae
1103 4666 1137 4722 et
1148 4660 1411 4740 propugnaculum
1424 4679 1567 4721 romanae
1587 4659 1759 4722 maiestatis

320 4758 447 4820 bidaoa
466 4757 591 4820 flumine
612 4759 700 4838 Tigri
717 4759 868 4820 distabat:
889 4759 935 4820 Ur
949 4757 1095 4837 oppidum
1115 4759 1239 4838 quidem
1260 4757 1299 4819 ad
1320 4765 1459 4820 austrum
1479 4757 1609 4834 Nisibis,
1624 4758 1759 4836 itemque

321 4855 360 4916 ad
374 4855 514 4917 dextram
533 4855 648 4934 Tigris,
662 4856 799 4935 positum
812 4863 888 4918 erat.
909 4856 999 4933 Nam,
1020 4865 1056 4918 ut
1076 4857 1257 4918 Ammianus
1271 4855 1471 4918 Marcellinus
1485 4863 1591 4918 narrat
1606 4857 1638 4938 (l.
1653 4857 1759 4932 XXV,

321 4972 347 5015 c.
367 4954 416 5034 8),
439 4951 609 5031 exercitus,
629 4953 662 5014 in
681 4975 740 5033 quo
760 4955 829 5035 ipse
849 4955 1013 5030 militabat,
1034 4953 1115 5016 fame
1135 4954 1336 5032 maximisque
1361 4953 1519 5016 laboribus
1546 4961 1619 5034 post
1644 4953 1760 5016 Iuliani

321 5057 450 5114 mortem
459 5072 555 5132 prope
566 5061 776 5133 consumptus,
789 5073 859 5116 cum
869 5053 957 5132 Tigri
965 5052 1026 5115 iarn
1037 5073 1144 5116 rursus
1155 5053 1285 5116 traiecto
1300 5052 1556 5132 Mesopotamiam
1570 5052 1760 5132 superiorem

319 5157 451 5230 peteret,
472 5149 512 5212 ad
533 5151 580 5212 Ur
598 5152 722 5214 uomina
736 5151 890 5230 persicum
904 5151 991 5214 venit
1004 5152 1183 5214 castellum:
1197 5159 1307 5231 postea
1321 5151 1533 5230 Thilsaphata,
1548 5149 1661 5213 deinde
1678 5150 1760 5212 Nisi·

322 5248 376 5309 bin
396 5247 511 5328 attigit.
528 5248 631 5322 Quare
646 5249 697 5312 via
710 5249 793 5314 inter
806 5250 933 5311 Nisibin
953 5258 985 5311 at
1007 5251 1054 5310 Ur
1076 5271 1147 5312 vere
1168 5250 1243 5328 fuit,
1265 5249 1469 5327 Thilsaphata
1482 5269 1543 5310 una
1564 5268 1603 5309 ex
1626 5248 1760 5326 quinque

321 5345 531 5409 mansionibus
546 5347 685 5410 eiusdem
698 5347 821 5410 itineris
835 5350 874 5409 ab
888 5349 1033 5428 episcopo
1047 5349 1224 5410 memoratis
1239 5347 1394 5410 credenda
1414 5353 1472 5410 est.

403 5444 416 5481 ¹
436 5445 555 5509 Iterata
576 5452 626 5508 eat
645 5465 706 5509 vox
726 5448 911 5526 aliquaud05
933 5446 1067 5509 fumasse
1087 5444 1308 5526 supplendum:
1326 5449 1547 5508 monachorum
1572 5445 1680 5526 (dicta)
1705 5447 1760 5506 uli·

327 5547 450 5620 quoodo
473 5544 634 5626 (omacio),
656 5545 825 5622 aliquando
848 5544 976 5626 (mer)oa
990 5544 1126 5624 fabulae
1147 5564 1230 5617 eaec;
1252 5543 1344 5624 (arua
1363 5543 1550 5624 referebant)
1572 5546 1635 5603 otei
1656 5547 1715 5603 etc.
