4604 6560
586 661 648 740 1'24
1172 687 1271 738 narni
1293 683 1430 739 11111111

583 911 824 1002 cumdantnr,
853 911 1042 1008 capitibus
1069 911 1189 986 versis
1217 911 1265 984 ad
1293 911 1523 1006 aquilonem,
1548 915 1589 986 et
1616 912 1684 988 hec
1712 913 1864 1009 singula
1891 914 2017 1009 singu·

582 1037 629 1111 lis
655 1040 762 1112 tecta
789 1037 977 1132 lapidibus
1015 1037 1138 1110 instar
1174 1036 1353 1112 basilicae
1385 1036 1525 1110 dolatis
1563 1037 1684 1111 trium
1713 1038 2018 1133 patriarcharum

582 1162 771 1238 candidis:
801 1163 1015 1259 sepulcrum
1043 1184 1134 1238 vero
1154 1161 1278 1235 Adam
1297 1162 1526 1257 protoplasti
1551 1163 1777 1237 obscurioris
1805 1167 1846 1238 et
1873 1163 2019 1237 vilioris

583 1287 706 1383 operis
732 1310 809 1361 non
837 1289 948 1384 longe
976 1288 1024 1361 ab
1052 1287 1129 1360 illis
1157 1287 1207 1360 111
1241 1287 1435 1362 borealem
1472 1290 1758 1385 extremamque
1786 1289 1888 1362 muri
1915 1288 2019 1361 illius

464 1431 468 1440 ·
582 1415 731 1507 parbem
758 1416 908 1508 pausat.
938 1412 1069 1486 Trium
1090 1434 1241 1509 quoque
1259 1411 1489 1486 feminarum
1509 1412 1662 1488 viliores
1682 1416 1722 1488 et
1749 1414 1915 1488 minores
1941 1434 2017 1488 me·

583 1540 728 1615 moriae
755 1543 975 1614 cernuntur.
996 1540 1167 1614 Mambre
1186 1539 1303 1630 collis,
1323 1539 1427 1613 mille
1446 1540 1619 1635 passibus
1639 1563 1663 1613 a
1682 1539 1941 1614 monumentis
1961 1539 2019 1612 his

583 1665 632 1739 ad
658 1667 826 1756 boream,
855 1666 1037 1741 herbosus
1055 1665 1167 1741 valde
1186 1668 1226 1740 et
1244 1664 1413 1757 floridus,
1433 1669 1684 1760 campestrem
1701 1666 1846 1740 habens
1866 1666 1907 1738 in
1935 1686 2016 1740 ver·

582 1791 658 1866 tice
685 1791 896 1886 planitiem,
915 1791 956 1864 in
974 1791 1082 1866 cuius
1101 1791 1316 1887 aquilonari
1335 1795 1445 1886 parte
1464 1814 1625 1887 quercus
1645 1791 1834 1883 Abrahae,
1855 1791 2018 1866 duorum

583 1916 782 1991 hominurn
810 1917 1027 1992 altitudinis
1050 1920 1222 2007 truncus,
1242 1917 1400 1991 ecclesia
1419 1917 1654 1992 circumdata
1681 1920 1749 1992 est.
1779 1916 2017 2013 Egredienti-

583 2044 654 2118 bus
681 2045 837 2119 Hebron
864 2043 913 2118 ad
951 2043 1168 2138 aquilonem
1196 2043 1236 2116 in
1267 2043 1422 2118 sinistra
1456 2047 1566 2140 parte
1604 2045 1690 2119 viae
1718 2044 1885 2119 occurrit
1913 2065 2019 2116 mons

583 2169 737 2265 pinosus
765 2192 918 2266 parvus,
947 2169 1072 2243 tribus
1099 2168 1254 2243 milibus
1281 2189 1461 2264 passuum
1480 2170 1528 2242 ab
1547 2169 1715 2262 Hebron,
1744 2168 1846 2242 unde
1873 2169 2019 2265 Ieryso-

582 2295 715 2369 limam
746 2294 858 2391 pinea
895 2295 1022 2390 lignea
1058 2291 1236 2365 feruntur
1272 2292 1313 2364 in
1345 2293 1517 2382 camelis;
1551 2317 1641 2367 nam
1669 2293 1709 2366 in
1741 2291 1845 2367 omni
1877 2292 2020 2367 Iudaea

481 2512 490 2539 Ι
583 2419 757 2515 plaustra
784 2420 846 2494 vel
874 2440 1006 2495 currus
1033 2441 1121 2492 raro
1150 2417 1260 2491 fiunt.
1949 2411 1954 2420 '

664 2545 776 2636 (Per.)
804 2545 850 2618 In
877 2545 1059 2642 vigesimo
1092 2553 1223 2618 autem
1244 2547 1382 2640 quarto
1411 2544 1575 2619 miliario
1604 2545 1653 2618 ab
1680 2545 1891 2620 Ierusalem
1909 2543 2019 2618 iuxta

583 2671 739 2746 Hebron
766 2674 825 2745 est
852 2671 949 2762 fons,
979 2671 1019 2743 in
1046 2693 1121 2766 quo
1150 2670 1364 2764 baptizavit
1384 2670 1581 2767 Philippus
1610 2671 1806 2767 apostolus
1835 2674 1877 2744 et
1904 2692 2019 2745 evan·

583 2798 722 2894 gelista
749 2796 967 2871 eunuchum
995 2795 1177 2870 Candacis
1205 2795 1358 2891 reginae
1374 2787 1398 2870 ¹.
1418 2796 1464 2869 In
1481 2797 1565 2871 loco
1586 2818 1689 2888 vero,
1710 2798 1776 2893 qui
1803 2795 2019 2891 appellatur

452 2985 454 3013 ,
584 2922 860 3011 Terebinthns,
899 2922 965 2994 ubi
1001 2924 1262 3018 apparuerunt
1298 2924 1377 2996 tres
1415 2922 1541 3018 angeli
1577 2922 1748 3014 Abraae,
1787 2925 1847 2996 est
1882 2924 2019 3016 puteus

452 3142 454 3159 μ
584 3048 762 3122 Abrahae
785 3048 965 3142 optimus,
994 3051 1035 3122 et
1060 3049 1262 3144 speluncae
1290 3048 1389 3121 duae
1417 3047 1684 3140 lucidissimae,
1713 3048 1780 3122 1111
1807 3046 2017 3122 habitavit:

452 3170 465 3271 ᾗ
584 3199 675 3248 nam
703 3177 743 3248 et
770 3174 952 3248 altarium
980 3174 1033 3248 ibi
1061 3175 1230 3269 positum
1249 3177 1318 3264 est,
1340 3177 1380 3248 at
1399 3177 1489 3248 ante
1510 3197 1550 3250 se
1569 3176 1765 3252 ecclesiam
1785 3175 1876 3248 abet
1889 3164 1915 3247 ².
1933 3170 2020 3245 Non
2099 3219 2103 3227 1

585 3301 697 3397 longe
724 3303 855 3375 autern
884 3300 971 3374 inde
1007 3322 1115 3374 mons
1143 3304 1213 3391 est,
1244 3323 1365 3396 usque
1393 3325 1468 3397 quo
1507 3301 1674 3376 1111111111
1693 3301 1838 3375 Abram
1867 3298 2019 3394 angelos

584 3429 718 3502 euntes
748 3427 788 3500 in
817 3425 1000 3501 Sodomis.
1030 3425 1139 3500 Intus
1167 3449 1258 3506 vero
1288 3428 1327 3500 in
1360 3427 1488 3501 Ebron
1525 3428 1659 3502 domus
1687 3426 1862 3501 consistit
1890 3423 2018 3512 Davit,

585 3553 685 3628 unde
713 3553 836 3628 adhuc
863 3553 993 3649 aliqua
1020 3575 1108 3647 pars
1136 3557 1337 3646 statuam
1362 3553 1591 3645 cubiculum,
1622 3553 1689 3626 ubi
1715 3552 1870 3640 mansit,
1900 3569 2019 3644 usque

584 3680 669 3754 odie
688 3679 741 3753 ibi
762 3679 1043 3754 adorationem
1064 3680 1231 3753 curritur
1245 3670 1269 3751 ³.
1290 3679 1418 3775 Longe
1437 3681 1568 3753 autern
1589 3679 1637 3752 ab
1657 3678 1785 3752 Ebron
1813 3675 1862 3750 111
1889 3696 2020 3770 passus

583 3807 773 3880 trecentos
802 3804 841 3876 in
869 3803 964 3895 loco,
993 3803 1059 3900 qui
1078 3802 1217 3878 dicitur
1236 3803 1440 3894 Abramiri,
1466 3807 1524 3878 est
1543 3803 1682 3877 domus
1697 3801 1838 3892 iacobi,
1869 3799 2018 3872 111111-

584 3929 698 4003 111111
725 3929 806 4003 sine
835 3930 937 4003 tecto
966 3931 1185 4002 constructa
1204 3930 1274 4001 est.
1296 3926 1389 4002 Inde
1407 3950 1498 4003 vero
1518 3928 1566 4002 111
1587 3949 1718 4024 passus
1742 3922 2021 4022 quinquaginta

585 4056 643 4128 est
670 4053 912 4150 sepulchrum
941 4054 1062 4128 sancti
1082 4052 1262 4147 Chaleph.
1291 4053 1390 4127 Item
1417 4052 1610 4127 Abramiri
1638 4052 1751 4127 vinea
1778 4051 1849 4140 est,
1877 4049 1918 4121 in
1946 4069 2021 4142 qua

585 4182 644 4253 est
665 4179 856 4275 spelunca,
876 4178 942 4252 ubi
960 4179 1204 4274 requiescunt
1222 4199 1381 4274 corpora
1400 4178 1575 4253 undecim
1595 4177 1762 4252 filiorum
1782 4175 1918 4250 Iacob:
1938 4191 2021 4246 ossa

666 4531 759 4599 ¹Hic
779 4536 849 4599 fons
870 4538 996 4617 ponitur
1016 4539 1055 4600 ab
1076 4539 1211 4602 Eusebio
1231 4538 1264 4601 in
1284 4558 1314 4600 v.
1348 4521 1535 4620 1111111ρί11
1555 4536 1701 4600 vicesimo
1722 4535 1825 4618 lapide
1858 4536 1897 4597 ab
1922 4534 2019 4597 Aelia

583 4635 792 4718 Hieronymus
814 4637 853 4699 ad
873 4658 902 4699 v.
924 4639 1097 4700 Bethasora
1116 4639 1149 4700 in
1169 4639 1316 4700 vicesimo
1339 4639 1492 4700 secundo:
1515 4637 1713 4698 Itinerarium
1733 4645 1836 4698 autem
1861 4635 2021 4712 Burdiga-

584 4735 672 4798 lense
692 4735 791 4800 millia
810 4735 914 4796 XIIH
928 4756 947 4796 a
959 4736 1133 4814 Bethleem,
1149 4756 1205 4798 seu
1219 4737 1257 4797 ab
1272 4735 1363 4796 Aelia
1377 4735 1527 4813 vinginti:
1548 4735 1682 4812 denique
1696 4732 1892 4794 Theodosius
1917 4733 1949 4814 (ᾗ
1968 4730 2019 4810 21)

584 4835 682 4897 millia
702 4835 845 4897 sedecim.

664 4935 676 4970 ²
697 4936 726 4996 A
746 4935 920 4997 Bethasora
939 4935 979 4996 111
999 4936 1223 4998 Therebintum
1243 4936 1341 4997 millia
1372 4943 1439 4998 octo
1470 4937 1618 5015 leguntur
1644 4935 1678 4995 in
1702 4934 1876 5010 Itinerario,
1898 4933 1951 4994 ubi
1972 4948 2020 5010 ap

584 5033 727 5114 ponitur:
750 5034 832 5094 «Ibi
851 5033 992 5096 Abaham
1012 5035 1174 5114 habitavit,
1198 5042 1229 5096 11
1249 5042 1375 5114 puteum
1388 5033 1469 5097 fodit
1491 5037 1547 5096 sub
1568 5036 1677 5096 arbore
1699 5032 1886 5111 terebintho,
1901 5039 1934 5094 11
1954 5051 2021 5092 cum

585 5134 704 5213 angelis
724 5134 844 5195 locutus
865 5139 923 5196 est.
945 5135 995 5194 Ibi
1015 5135 1143 5196 basilica
1163 5133 1259 5195 mirae
1280 5134 1517 5213 pulchritudinis
1532 5134 1615 5196 facta
1636 5141 1686 5195 est
1705 5133 1795 5196 iussu
1816 5131 2021 5195 Constantini.

585 5232 664 5294 Inde
685 5231 874 5308 Therebinto
895 5232 1024 5292 Hebron
1044 5232 1141 5294 millia
1161 5233 1220 5294 duo
1234 5255 1262 5294 ι.
1593 5233 1594 5236 ’

665 5330 677 5367 ³
695 5331 832 5408 Hebron,
853 5331 908 5392 ubi
927 5330 1049 5392 domum
1070 5331 1131 5393 sibi
1151 5333 1313 5394 constituit
1332 5333 1445 5411 David,
1467 5331 1601 5410 fecitque
1622 5327 1730 5393 sedem
1751 5331 1839 5411 regni
1865 5331 1914 5392 sni
1930 5329 2021 5410 (Reg.

584 5431 633 5510 11,¹
649 5451 674 5491 0.
696 5432 725 5511 2,
746 5431 789 5512 a),
811 5429 1121 5492 1111111111
1141 5430 1278 5493 mnibus
1299 5417 1421 5494 1111111
1441 5419 2019 5512 1811111111(1111111111).
