4604 6560
605 742 668 806 138
1191 761 1292 806 rursu
1315 760 1453 808 urroorr

603 977 669 1071 qui
696 999 763 1074 per
791 977 957 1072 spatium
984 977 1128 1074 grande
1155 1000 1268 1073 super
1295 999 1400 1054 mare
1431 1000 1601 1055 rosseum
1628 977 1740 1069 iacet,
1769 977 1929 1052 rubrum
1957 999 2037 1053 ros·

601 1123 708 1176 soum
727 1103 894 1201 lapidem
911 1103 1054 1178 habeat
1071 1102 1134 1180 vel
1153 1103 1465 1200 porphyreticum
1479 1095 1513 1177 ¹:
1534 1127 1624 1185 nam
1643 1104 1781 1199 etipse
1800 1125 1909 1178 mons
1925 1101 2039 1198 quasi

600 1251 727 1304 rosseo
747 1229 871 1303 colore
893 1232 963 1303 est.
985 1228 1056 1315 Qui
1073 1231 1206 1302 tamen
1230 1250 1338 1336 mons
1357 1227 1433 1302 luit
1451 1228 1491 1300 in
1518 1226 1653 1312 dextro
1671 1219 1686 1263 ²
1712 1227 1801 1302 filiis
1828 1227 1948 1302 Israel
1976 1227 2036 1302 fu-

601 1354 792 1451 gientibus
820 1352 866 1427 de
895 1353 1081 1450 Aegypto,
1106 1354 1172 1427 ubi
1191 1353 1322 1428 tamen
1340 1357 1548 1450 coeperunt
1566 1376 1606 1432 se
1627 1353 1676 1432 ad
1703 1375 1809 1428 mare
1836 1354 2039 1450 appropin-

602 1501 740 1576 quare:
778 1501 868 1552 nam
904 1477 1145 1554 venientibus
1174 1479 1220 1553 de
1256 1478 1433 1576 Aegypto
1461 1479 1523 1553 ad·
1544 1479 1741 1556 dexteram
1774 1481 1926 1576 partem
1959 1479 2040 1574 ipse

556 1705 559 1711 Ι
601 1627 711 1678 mons
738 1606 798 1679 est
824 1605 972 1678 erectus
999 1603 1111 1679 valde
1130 1607 1171 1678 et
1190 1605 1359 1679 excelsus
1378 1605 1484 1694 satia,
1504 1627 1549 1679 ao
1566 1605 1600 1678 si
1618 1603 1754 1701 paries,
1784 1626 1895 1700 quem
1925 1609 2040 1700 putas

602 1753 720 1806 manu
746 1729 945 1804 hominum
964 1730 1131 1804 excisum
1151 1751 1243 1804 esse.
1262 1729 1348 1827 Ipse
1367 1733 1499 1805 autem
1518 1752 1625 1804 mons
1644 1728 1774 1804 aridus
1794 1732 1853 1804 est
1874 1729 2038 1826 penitus,

602 1855 660 1930 ita
674 1857 719 1928 ut
733 1877 802 1930 nec
820 1853 998 1928 fruticem
1016 1854 1057 1928 in
1076 1876 1115 1929 se
1134 1855 1252 1929 babet
1265 1845 1289 1928 ³.
1305 1854 1394 1928 Filii
1414 1860 1544 1929 autem
1558 1854 1677 1930 Israel
1695 1857 1879 1930 exeuntes
1899 1853 1946 1930 de
1961 1855 2037 1930 Ra·

602 2001 723 2054 messe
740 1971 765 2070 ⁴,
783 1979 948 2074 primum
967 2001 1034 2074 per
1062 1977 1205 2052 medias
1232 1978 1394 2054 harenas
1422 1978 1583 2054 errando
1612 1979 1921 2069 ambulaverunt,
1950 2002 2035 2055 cum

603 2128 696 2181 vero
723 2105 772 2178 ad
799 2126 905 2180 mare
922 2105 1084 2178 rubrum
1102 2103 1456 2200 appropriaverunt,
1476 2107 1570 2178 tuuc
1588 2125 1697 2178 mons
1717 2103 1763 2179 de
1784 2103 1920 2179 dextro
1948 2104 2037 2195 illis,

604 2232 669 2327 qui
696 2230 916 2326 apparebat,
945 2229 986 2302 in
1014 2229 1185 2324 proximo
1214 2229 1337 2304 factus
1356 2232 1426 2318 est,
1452 2232 1493 2304 et
1518 2229 1720 2325 iungentes
1748 2229 1887 2324 seipsi
1916 2230 2040 2305 monti

603 2358 832 2454 perveniunt
859 2354 908 2428 ad
934 2375 1060 2429 mare:
1090 2354 1192 2428 latus
1220 2357 1351 2429 autem
1370 2353 1513 2429 montis
1532 2352 1636 2429 illius
1663 2354 1801 2430 excelsi
1830 2353 1877 2429 de
1906 2353 2040 2429 dextro

603 2481 679 2555 illis
708 2480 888 2554 veniebat
914 2483 953 2554 et
981 2500 1087 2552 mare
1114 2478 1161 2554 de
1188 2477 1357 2570 sipisim,
1384 2481 1479 2553 tunc
1502 2477 1629 2552 subito
1657 2478 1838 2554 euntibus
1866 2477 1921 2554 cie
1949 2481 2041 2553 aute

603 2609 726 2704 ipsum
755 2606 934 2703 apparuit
960 2606 1065 2681 locus
1092 2604 1183 2699 ipse,
1215 2604 1280 2677 ubi
1298 2625 1406 2678 mons
1424 2603 1464 2676 in
1482 2625 1589 2678 mare
1610 2603 1805 2699 iungebat,
1836 2604 1954 2678 immo
1984 2604 2041 2678 in·

552 2773 556 2782 ·
603 2731 860 2826 gradiebatur,
889 2729 956 2802 irbi
974 2727 1236 2824 promontoria
1254 2727 1412 2802 faciunt.
1433 2727 1596 2824 Campus
1614 2730 1745 2802 autem
1764 2727 1857 2823 ipse,
1878 2726 1946 2801 ubi
1973 2728 2042 2803 filii

604 2856 723 2930 Israel
750 2858 862 2929 nocte
889 2854 957 2928 illa
984 2855 1210 2929 manserunt
1228 2874 1315 2928 cum
1338 2852 1480 2949 Moyse,
1500 2852 1674 2927 infinitus
1693 2856 1764 2943 est,
1791 2856 1833 2926 et
1859 2852 2041 2948 planities

604 2982 686 3055 eius
704 2981 836 3076 ingens
849 2971 873 3052 ⁵.
893 2979 1023 3052 Distat
1042 3000 1134 3053 vero
1150 2978 1267 3066 locus,
1283 2977 1349 3050 ubi
1369 2978 1555 3052 incumbit
1570 2999 1678 3052 mons
1691 2978 1732 3052 in
1746 3001 1852 3053 mare
1870 3002 1894 3052 a
1914 2981 2040 3054 castro

605 3105 752 3179 Clesma
770 3125 902 3201 passus
920 3103 1148 3199 quingentos
1159 3093 1185 3177 ⁶.
1205 3101 1313 3176 Inter
1331 3105 1499 3177 castrum
1516 3106 1649 3177 autem
1667 3106 1708 3177 et
1725 3104 1848 3199 ipsum
1869 3106 2040 3179 montem

605 3229 753 3304 medius
781 3231 840 3304 est
875 3228 980 3302 locus
1007 3250 1031 3302 a
1057 3227 1339 3322 promunctorio
1377 3227 1528 3318 montis,
1558 3227 1625 3301 ubi
1659 3227 1820 3324 ingressi
1852 3231 1945 3302 suut
1972 3226 2042 3302 filii

605 3353 724 3428 Israel
751 3353 791 3428 iu
819 3374 923 3428 mare
951 3355 992 3428 et
1019 3352 1168 3426 Pharao
1196 3374 1283 3426 curu
1310 3351 1375 3427 eis.
1395 3351 1593 3428 Traiectus
1620 3356 1763 3443 autem,
1783 3350 1850 3426 ubi
1877 3353 2041 3427 transie-

605 3483 698 3556 runt
726 3480 822 3554 sicco
851 3477 945 3574 pede
971 3499 1079 3552 mare
1113 3478 1283 3567 rubrum,
1313 3476 1431 3552 habet
1457 3480 1543 3552 octo
1572 3477 1679 3551 milia
1702 3499 1835 3574 passus
1853 3474 1894 3552 in
1914 3471 1994 3552 lato
2015 3469 2040 3552 ⁷.

685 3719 805 3782 ¹Mare
824 3721 949 3780 rubrum
970 3739 1009 3782 ex
1037 3719 1140 3780 rubeo.
1160 3719 1310 3781 montium
1330 3718 1407 3781 litus
1439 3719 1620 3800 aegyptium
1650 3717 1907 3783 constituentium
1931 3718 2043 3799 colore,

604 3821 657 3898 qui
677 3820 780 3901 lapide
800 3817 1017 3898 porphyretico
1038 3816 1178 3894 efficitur,
1199 3837 1309 3880 nomen
1338 3818 1472 3880 traxisse
1502 3818 1719 3880 Artemidorus
1747 3817 1895 3898 ephesius
1928 3817 2044 3898 (Strab.

604 3919 625 3980 l.
646 3918 718 3997 XV,
738 3938 768 3997 p.
790 3918 872 3997 533),
894 3916 1042 3994 multique
1056 3915 1263 3993 antiquissimi
1295 3917 1463 3996 scriptores
1494 3924 1577 3980 teste
1604 3916 1837 3996 Agathumhide
1871 3917 1917 3997 (in
1937 3915 2045 3977 Photii

603 4016 684 4076 Bibl.
707 4014 772 4077 cod.
794 4015 866 4094 250)
888 4013 1030 4075 arbitrati
1050 4019 1132 4076 suut.
1153 4013 1275 4074 Plinius
1295 4013 1389 4076 etiam
1409 4015 1519 4078 scribit
1538 4015 1592 4096 (Η.
1613 4015 1653 4078 N.
1667 4015 1726 4094 VI,
1746 4036 1772 4078 o.
1788 4016 1840 4097 35)
1854 4036 1861 4075 :
1876 4013 2044 4077 «continui

607 4121 727 4176 montes
748 4112 929 4175 ardentibus
950 4110 1068 4173 similes
1088 4110 1201 4172 rubent
1220 4134 1248 4172 ›.

686 4210 699 4246 ²
719 4210 856 4272 Mentem
877 4209 915 4270 ab
937 4208 1040 4270 arabis
1059 4208 1177 4270 dictum
1197 4209 1312 4284 Atolsa,
1332 4209 1389 4289 qui.
1407 4213 1447 4273 ad
1467 4232 1552 4275 mare
1572 4211 1699 4274 rubrum
1729 4230 1825 4290 prope
1850 4211 1931 4274 uua
1950 4211 2048 4291 porri·

608 4311 700 4388 gitur,
720 4307 965 4370 luculentissime
984 4307 1158 4386 Peregrina
1177 4305 1326 4380 ostendit,
1337 4329 1414 4386 quae
1428 4315 1538 4387 postea
1552 4307 1591 4367 de
1607 4306 1767 4385 clysmate
1780 4304 1908 4383 loquuta
1924 4304 2048 4367 addidit

608 4409 732 4489 (Pereg.
753 4429 783 4486 p.
804 4407 876 4486 47)ε
899 4428 916 4464 ‹
936 4405 1022 4466 iuxta
1041 4406 1124 4467 letus
1144 4406 1267 4483 montis,
1295 4426 1386 4483 quem
1413 4406 1558 4486 superius
1583 4404 1658 4484 dixi,
1686 4403 1739 4465 ubi
1763 4403 1819 4464 lilii
1847 4404 1949 4467 Israel
1977 4423 2047 4466 cum

610 4505 765 4567 vidissent
784 4503 938 4583 Egyptian
959 4510 1031 4582 post
1052 4522 1086 4565 se
1107 4503 1269 4566 venientes
1290 4504 1540 4566 exclamaverunt
1561 4527 1589 4564 a.

686 4602 766 4664 ³0l.
788 4603 900 4681 Pereg.
921 4621 950 4681 p.
973 4603 1031 4662 39:
1055 4625 1071 4659 ‹
1092 4622 1180 4664 mons
1201 4610 1326 4664 sanctus
1342 4602 1427 4681 Syna
1447 4610 1534 4663 totus
1548 4601 1690 4680 petrinus
1705 4600 1756 4680 sit,
1781 4600 1827 4663 ita
1846 4607 1883 4662 ut
1903 4619 1962 4662 nec
1986 4599 2046 4662 fru-

609 4701 701 4763 ticem
721 4700 843 4764 habeat.
865 4725 881 4759 »

687 4800 701 4835 ⁴
721 4801 849 4878 Peregr.
870 4819 900 4878 p.
920 4801 979 4860 46:
1004 4821 1021 4857 ι
1041 4797 1117 4860 Filii
1137 4798 1238 4860 Israel
1258 4807 1407 4862 exeuntes
1427 4797 1466 4858 de
1488 4797 1640 4859 Ramesse
1663 4818 1690 4856 r.

688 4897 701 4932 ⁵
720 4896 873 4958 Planities
895 4915 1032 4972 arenosa,
1054 4895 1411 4976 dequaagitur,aSuea
1433 4897 1540 4976 Ajrud
1552 4913 1665 4957 versus
1685 4894 1748 4956 late
1761 4899 1858 4972 patet,
1885 4893 2049 4958 Robinson

610 4993 692 5056 Bibl.
713 4995 913 5072 Researches,
934 4995 960 5072 Ι,
982 5016 1013 5075 p.
1033 4996 1074 5056 49
1096 5002 1128 5056 et
1148 5014 1233 5072 seqq.

688 5092 701 5128 ⁶
720 5094 771 5152 Ab
792 5093 987 5155 extremitate
1007 5093 1210 5172 promontorii
1231 5113 1327 5172 prope
1348 5093 1428 5156 Sues
1449 5111 1548 5170 usque
1569 5089 1608 5151 ad
1639 5088 1823 5168 colliculum,
1850 5091 1903 5151 ubi
1924 5089 2049 5171 parieti·

609 5209 668 5250 uae
689 5191 757 5252 aevi
779 5189 895 5252 romani
915 5190 1089 5253 etiamnunc
1108 5191 1314 5270 reperiuntur,
1330 5191 1395 5271 (qui
1415 5190 1505 5252 collis
1519 5195 1663 5267 corrupto
1677 5186 1801 5264 antiquo
1816 5188 1939 5250 nomine
1960 5189 2048 5267 Clys-

612 5286 704 5348 matis
724 5295 852 5349 vocatur
876 5290 939 5349 Tell
958 5289 1100 5368 Kolzum)
1123 5289 1273 5366 perbreve
1305 5289 1506 5351 intervallum
1535 5289 1626 5363 iacet,
1646 5287 1679 5347 in
1700 5304 1759 5364 quo
1781 5285 1931 5350 transitus
1952 5288 2048 5350 maris

611 5383 695 5445 rubri
715 5385 867 5446 accidisse
887 5387 1063 5465 putabatur.

690 5481 703 5516 ⁷
723 5484 753 5545 A
773 5483 865 5544 litore
885 5485 1030 5563 aegyptio
1052 5484 1093 5545 ad
1113 5485 1289 5564 oppositum
1308 5485 1426 5549 iudicat
1441 5483 1519 5548 illud
1534 5481 1679 5564 spatium,
1689 5481 1772 5560 quod
1786 5501 1867 5545 nuno
1880 5491 1954 5547 ante
1970 5484 2048 5549 Sues

613 5579 767 5658 aliquanto
788 5583 889 5645 minus
910 5583 1066 5663 panditur.
