4622 6572
620 667 655 712 11.
678 665 723 711 DE
745 665 771 710 Β.
796 662 922 709 mansu
945 662 1121 712 MYSTHRIIS
1143 663 1186 710 ΕΤ
1209 663 1335 710 arms
1638 657 1698 708 xix

259 877 322 956 his
349 883 476 960 verbis
490 875 521 960 ⁴:
554 884 736 960 “Audiat
763 885 909 960 orantis
936 885 1067 982 populi
1096 886 1304 961 consistens
1333 884 1418 980 quis
1446 886 1557 958 extra
1584 880 1701 957 eccle·

266 1079 283 1112 ,‚
303 1025 403 1103 siam
429 1051 573 1122 votem,
601 1033 749 1126 spectet
771 1029 958 1106 celebrem
976 1031 1207 1126 hymnorum
1227 1029 1407 1118 sonitum,
1426 1031 1467 1104 et
1484 1027 1585 1102 inter
1605 1024 1701 1100 divi-

269 1222 285 1254 ,
306 1189 445 1243 norum
473 1191 624 1266 quoque
644 1151 970 1246 sacramentorum
990 1169 1111 1245 officia
1130 1170 1413 1265 responsionem
1432 1168 1594 1246 devotae
1612 1187 1699 1242 con·

268 1365 285 1396 ,
307 1309 482 1386 fessionis
509 1312 684 1410 accipiat.
714 1313 877 1389 Necesse
905 1316 965 1388 est
992 1313 1128 1388 terreri
1156 1333 1307 1387 omnem
1346 1311 1624 1410 adversantem,
1661 1311 1703 1384 et

268 1509 284 1542 ,‚
304 1453 443 1530 bellari
469 1456 650 1532 adversus
679 1456 885 1548 diabolum,
915 1457 1092 1552 vincique
1119 1455 1407 1531 resurrectionis
1431 1453 1505 1528 fide
1524 1455 1700 1544 mortem,

269 1653 286 1686 „
305 1599 377 1674 tali
405 1601 616 1676 exultantis
643 1601 746 1678 vocis
773 1605 942 1698 nostrae,
970 1603 1015 1674 ut
1051 1601 1197 1676 dictum
1237 1603 1307 1692 est,
1345 1599 1470 1695 jubilo
1489 1654 1522 1687 ,.
1564 1599 1702 1694 Itaque

263 1739 429 1836 hymnos
456 1741 497 1816 in
526 1741 720 1818 diabolum
748 1746 789 1818 ot
815 1744 856 1817 in
883 1746 1047 1818 mortem
1075 1767 1195 1839 quum
1221 1741 1391 1816 Hilarius
1419 1742 1513 1816 haec
1534 1740 1702 1815 scribens

262 1885 504 1983 respexisset,
531 1909 609 1962 non
632 1865 748 1962 modo
776 1889 956 1963 certiores
982 1909 1052 1962 nos
1080 1887 1173 1962 facit
1201 1885 1355 1962 eosdem
1374 1885 1538 1960 inclusos
1564 1907 1633 1959 suo
1662 1883 1702 1958 in

265 2024 364 2100 libro
382 2026 511 2132 fuisse,
530 2049 665 2104 verum
685 2028 794 2103 nobis
813 2029 930 2103 etiarn
951 2027 1121 2102 ostendit
1139 2027 1251 2101 illum
1271 2027 1475 2124 neophitae
1495 2025 1567 2101 sibi
1585 2026 1703 2100 fuisse

262 2171 433 2244 maxime
460 2191 603 2244 carum.
633 2170 754 2257 Quam
782 2171 830 2246 ob
858 2192 938 2246 rem
966 2163 1035 2245 nos
1062 2169 1199 2245 adduci
1226 2170 1396 2244 fatemur
1422 2171 1469 2243 ut
1488 2169 1571 2244 iure
1590 2165 1700 2241 dubi·

263 2313 405 2403 temus,
434 2314 621 2410 hymnum
649 2335 729 2390 esse
747 2337 776 2388 s.
802 2314 1018 2390 Florentiae
1046 2313 1095 2387 ad
1122 2313 1235 2388 fidem
1263 2314 1464 2388 catolicam
1482 2313 1531 2387 ab
1550 2334 1594 2388 eo
1613 2333 1701 2386 con·

265 2479 402 2534 versae
429 2457 691 2534 tribuendum.
721 2459 958 2534 Fortunatus
985 2458 1026 2531 in
1053 2459 1137 2534 vita
1164 2482 1193 2533 s.
1223 2457 1362 2533 Hilarii
1389 2481 1457 2532 nos
1481 2457 1591 2532 docet
1617 2457 1702 2531 Flo·

267 2599 432 2675 rentiam
450 2601 617 2697 puellam
632 2601 826 2697 gentilem,
843 2602 908 2675 uhi
922 2603 1097 2675 sanctum
1112 2601 1328 2697 episcopum
1352 2621 1468 2697 prope
1488 2599 1701 2675 Seleuciam

268 2747 535 2819 transeuntem
548 2745 658 2838 vidit,
678 2767 771 2822 voce
790 2767 929 2842 magna
948 2767 1100 2820 servum
1116 2744 1186 2820 Dei
1200 2744 1292 2819 illuc
1306 2745 1502 2820 advenisse
1516 2747 1701 2819 testatam

268 2905 362 2977 esse,
390 2907 555 2983 moxque
583 2886 633 2962 ad
660 2888 742 2962 eius
769 2887 883 2984 pedes
911 2888 1166 2983 procubuisse.
1197 2887 1319 2973 Quam
1341 2886 1576 2962 Florentiam
1593 2888 1705 2982 pater

267 3029 308 3102 et
335 3030 474 3102 cuncta
500 3028 649 3103 familia
675 3033 820 3127 postea·
835 3031 991 3126 sequuti
1016 3032 1119 3122 sunt,
1148 3032 1266 3125 atque
1293 3028 1333 3102 in
1360 3029 1516 3103 nomine
1551 3027 1705 3102 Domini

269 3173 494 3246 meruerunt
520 3171 729 3268 baptizari:
776 3177 792 3207 “
816 3173 1023 3264 Florentia,
1067 3175 1113 3246 ut
1141 3172 1347 3246 Fortunati
1374 3171 1499 3248 verbis
1535 3173 1703 3262 utamur,

273 3313 451 3390 “relictis
478 3315 702 3411 parentibus
730 3315 902 3412 vestigiis
931 3317 1013 3390 eius
1040 3316 1241 3391 inhaerens
1269 3337 1389 3411 usque
1416 3315 1594 3390 Pictavos
1620 3336 1703 3412 per·

274 3515 291 3549 ,
311 3457 425 3533 ducta
452 3461 524 3533 est.
556 3460 709 3534 Patrem
737 3482 828 3535 vero
856 3482 896 3536 se
931 3461 1084 3551 habere,
1121 3482 1199 3533 non
1238 3482 1261 3533 a
1299 3482 1374 3555 quo
1411 3464 1594 3556 generata
1632 3464 1703 3551 est,

276 3602 376 3691 ,sed
402 3623 470 3699 per
496 3624 611 3699 quern
638 3607 865 3700 regenerata
894 3607 974 3694 est,
994 3603 1240 3701 praedicabat
1262 3659 1295 3691 ,.
1325 3601 1365 3676 Si
1392 3625 1481 3699 ergo
1509 3602 1704 3679 Florentia
1794 3607 1796 3614 ’

270 3743 461 3818 Hilarium
488 3747 535 3818 ut
563 3747 724 3840 patrem,
753 3745 818 3820 ille
839 3767 931 3820 eam
960 3748 1006 3818 ut
1029 3744 1160 3836 filiam,
1180 3745 1357 3840 respexit,
1376 3743 1558 3841 peculiari
1576 3743 1704 3820 studio

271 3886 447 3982 aptisque
475 3888 606 3963 officiis
634 3888 862 3985 dignatum
891 3889 965 3965 fide
992 3894 1032 3964 et
1058 3891 1204 3985 pietate
1230 3891 1316 3962 tum
1353 3889 1496 3986 ingenii
1531 3889 1705 3964 acumine

271 4050 420 4104 summo
448 4029 531 4106 viro
560 4032 690 4128 procul
719 4030 834 4106 dubio
863 4031 945 4107 visa
973 4035 1042 4106 est.
1073 4031 1187 4106 Cuius
1215 4030 1300 4128 piae
1328 4031 1517 4107 foeminae
1558 4053 1703 4138 corpus,

271 4172 337 4247 ubi
365 4194 386 4248 e
413 4172 497 4248 vita
523 4173 717 4270 migravit,
746 4175 793 4249 ab
822 4173 902 4271 ipso
929 4175 1077 4250 Hilario
1097 4175 1316 4270 sepulturae
1337 4174 1563 4249 mandatum
1582 4176 1642 4248 est
1659 4195 1703 4248 eo

269 4317 309 4391 in
336 4319 433 4410 loeo,
461 4317 527 4415 qui
555 4341 655 4394 nunc
683 4319 823 4394 dicitur
854 4317 985 4394 Gomblc‘
1003 4313 1027 4393 ⁵.
1058 4319 1161 4405 Quae
1205 4319 1332 4392 omnia
1373 4318 1542 4414 apprime
1569 4339 1704 4394 conve·

269 4463 395 4552 niunt,
424 4465 470 4536 ut
497 4485 581 4538 eam
610 4462 807 4560 hymnum,
836 4463 876 4535 in
904 4485 979 4558 quo
1007 4486 1117 4537 suam
1136 4463 1185 4537 ad
1203 4462 1398 4537 Christum
1416 4461 1703 4537 conversionem

270 4603 429 4694 fatetur,
449 4606 687 4701 mortemque
706 4602 778 4676 fida
797 4603 1083 4678 resurrectionis
1102 4604 1269 4678 deletam
1290 4603 1542 4701 persequitur,
1558 4602 1705 4677 Hilario

270 4749 515 4843 praeceptore
543 4745 733 4842 scripsisse
760 4746 991 4820 statuamus.

354 5021 514 5088 ¹Tractat.
535 5025 567 5087 in
587 5026 703 5090 Psalm.
725 5027 824 5089 LXV.
1686 5095 1699 5110 Ι,

351 5123 490 5204 'Lahha
511 5126 593 5188 Bibl.
613 5127 767 5190 Manuscr.
789 5135 812 5188 t.
833 5125 877 5202 11,
898 5147 928 5207 p.
951 5127 1009 5187 732
1030 5124 1063 5187 in
1083 5125 1285 5190 Miscellanea
1304 5126 1420 5189 Rerum
1441 5125 1674 5205 Aquitanarum.
