4604 6560
745 719 789 764 nu
814 719 900 765 noca
923 693 1050 764 sarona
1073 717 1128 764 ns.
1152 723 1253 765 sss-sss
1675 695 1718 761 65

276 957 337 1009 me
364 935 529 1011 libenter
548 937 605 1010 ait
622 938 731 1012 mihi:
762 937 944 1034 quoniam
962 937 1073 1013 video
1091 940 1144 1029 te,
1164 937 1255 1028 filie,
1275 936 1402 1032 gratia
1420 934 1615 1031 religionis
1633 937 1717 1008 tam

277 1083 458 1156 magnum
486 1063 656 1138 laborem
683 1065 757 1137 tibi
776 1064 1011 1160 imposuisse,
1033 1065 1078 1136 ut
1097 1063 1143 1136 de
1163 1062 1344 1137 extremis
1372 1083 1484 1158 porro
1511 1059 1625 1134 terris
1652 1081 1717 1134 ve·

276 1184 377 1259 nires
391 1185 440 1258 ed
455 1185 548 1260 haec
560 1187 644 1261 loca
658 1179 686 1261 ¹:
708 1189 839 1284 itaque
859 1209 961 1282 ergo,
979 1179 985 1287 Ι
1001 1186 1033 1261 si
1052 1186 1215 1262 libenter
1234 1185 1363 1277 hebes,
1384 1204 1620 1282 quecumque
1635 1181 1718 1256 looa
1746 1195 1782 1252 aa

277 1311 368 1383 sunt
395 1309 457 1384 hic
474 1313 587 1406 grate
606 1311 655 1384 ed
674 1311 879 1386 videndum
900 1307 1127 1400 christianis,
1147 1309 1384 1385 ostendimus
1404 1309 1488 1383 tibi.
1509 1307 1614 1382 Tune
1629 1327 1720 1401 ergo

277 1433 422 1528 gratias
450 1455 566 1529 egens
593 1435 673 1510 Deo
693 1436 871 1531 primum,
892 1440 933 1510 et
955 1437 1009 1510 sic
1027 1436 1151 1530 ipsum
1179 1437 1313 1530 rogavi
1341 1433 1561 1529 plurimum,
1590 1434 1636 1505 ut
1663 1429 1718 1503 di-

278 1562 466 1654 gnaretur
493 1558 630 1651 facere,
660 1561 761 1656 quod
790 1561 953 1635 dicebat.
983 1560 1118 1654 Itaque
1146 1581 1236 1654 ergo
1264 1559 1375 1632 duxit
1393 1579 1454 1632 me
1476 1559 1642 1653 primum
1670 1555 1718 1629 ad

276 1683 463 1778 palatium
479 1683 623 1780 Aggeri
637 1686 752 1780 regis:
768 1677 836 1760 ²et
849 1685 903 1759 ibi
918 1685 1087 1760 ostendit
1100 1685 1216 1759 miehi
1230 1674 1513 1778 erohiotepam³
1528 1682 1646 1778 ipsius
1661 1681 1717 1754 in·

277 1829 367 1903 gens
395 1809 640 1901 simillimam,
669 1814 715 1884 ut
741 1811 814 1906 ipsi
836 1810 1025 1900 dicebant,
1045 1831 1301 1884 marmoream
1335 1809 1438 1882 tenti
1465 1808 1613 1895 nitoris,
1629 1805 1719 1880 ensi

277 1933 323 2008 de
351 1935 561 2030 margarite
589 1939 708 2012 esset:
729 1937 770 2010 in
789 1936 896 2011 ouius
915 1935 1057 2031 Aggari
1075 1936 1189 2010 vultu
1209 1933 1370 2030 parebat
1401 1933 1447 2007 de
1472 1935 1606 2008 eontra
1629 1954 1719 2008 vere

278 2057 393 2133 fuisse
420 2058 522 2133 huna
549 2059 676 2136 virum
704 2061 799 2135 satis
826 2062 1038 2156 sapientem
1065 2062 1105 2134 et
1134 2059 1378 2133 honoratum.
1407 2056 1513 2132 'Iuno
1540 2057 1598 2130 ait
1624 2055 1719 2130 mihi

278 2183 432 2256 sanetus
446 2183 643 2280 episeopus
655 2207 663 2258 :
676 2206 761 2260 eece
774 2207 841 2260 rex
856 2183 1043 2279 Aggarus,
1055 2183 1121 2278 qui
1130 2186 1336 2278 antequam
1351 2181 1500 2256 videret
1513 2179 1718 2254 Dominum

278 2305 440 2382 eredidit
459 2308 506 2399 ei,
522 2309 613 2404 quia
627 2314 728 2384 esset
745 2331 835 2386 vere
855 2308 955 2382 lilius
970 2308 1041 2383 Dei
1054 2299 1080 2383 ⁴.
1095 2307 1194 2381 Nem
1214 2309 1301 2381 erat
1320 2309 1361 2382 et
1378 2307 1488 2380 iuxta
1507 2305 1718 2400 archiotipa

278 2431 456 2506 similiter
482 2433 529 2506 de
556 2433 629 2506 teli
648 2455 836 2508 marmore
856 2433 972 2523 factu,
1000 2456 1117 2528 quam
1144 2432 1223 2504 dixi
1244 2431 1313 2504 lilii
1337 2432 1454 2527 ipsius
1478 2451 1558 2505 esse
1576 2429 1716 2525 Magni,

281 2555 458 2630 similiter
477 2534 518 2632 et
536 2557 618 2654 ipsa
637 2558 780 2644 hebens
800 2557 944 2652 aliquid
962 2560 1111 2653 gratiae
1130 2557 1170 2629 in
1189 2555 1302 2630 vultu
1316 2550 1342 2630 ⁵.
1362 2555 1461 2629 Item
1489 2554 1718 2649 perintravi·

280 2702 365 2753 mus
392 2680 432 2754 in
460 2681 644 2757 interiore
671 2686 781 2776 parte
808 2682 962 2776 palatii:
991 2684 1032 2755 et
1049 2681 1103 2755 ibi
1131 2683 1243 2755 erant
1261 2679 1386 2754 fontes
1414 2679 1578 2774 piscibus
1601 2678 1717 2773 pleni,

279 2807 394 2899 quale
410 2827 480 2902 ego
499 2807 623 2882 adhue
640 2831 837 2903 nunquam
858 2808 949 2898 vidi,
970 2807 1008 2880 id
1027 2809 1086 2881 est
1105 2809 1240 2880 tantae
1258 2804 1533 2901 magnitudinis
1546 2795 1571 2895 ⁶,
1591 2807 1631 2878 et
1656 2803 1717 2878 vel

191 2921 194 2926 ’
277 2933 359 3003 tum
371 2932 591 3027 perlustres,
611 2937 682 3007 aut
700 2936 783 3007 tam
797 2934 886 3008 boni
901 2925 1057 3029 saporis.
1073 2931 1174 3006 Nem
1188 2931 1270 3028 ipsa
1284 2931 1420 3005 civitas
1439 2929 1556 3004 eliam
1576 2951 1715 3024 aquam

279 3055 431 3150 penitus
458 3078 535 3131 non
562 3057 681 3133 babet
707 3081 820 3151 nune,
849 3057 922 3132 nisi
950 3079 1047 3148 eam,
1077 3077 1175 3152 quae
1194 3056 1240 3132 de
1259 3055 1404 3152 palatio
1424 3055 1515 3147 exit,
1531 3075 1630 3150 quae
1658 3055 1718 3128 est

276 3297 365 3360 Rom.
385 3297 518 3377 legitur:
541 3297 708 3362 «Edessae
729 3299 762 3360 in
782 3298 873 3379 Syria
894 3299 925 3360 S.
946 3297 1071 3378 Eulogii
1092 3297 1229 3378 episcopi
1244 3303 1277 3360 et
1297 3295 1485 3359 confessoris
1497 3294 1524 3356 »'.
1546 3295 1628 3356 Aeta
1648 3293 1716 3374 ejus

276 3417 314 3458 ex
334 3396 529 3460 Theodorsto
550 3398 714 3477 desumpta
735 3397 888 3479 (Bolland.
910 3399 929 3458 5
948 3398 1033 3472 Maii,
1055 3403 1077 3456 t.
1099 3397 1143 3475 H,
1164 3417 1193 3475 p.
1218 3397 1267 3476 10)
1288 3395 1382 3458 silent
1403 3415 1472 3456 eum
1493 3393 1593 3455 fnisse
1617 3412 1718 3454 mona·

276 3492 376 3569 ohum,
394 3500 557 3572 antequam
571 3493 673 3556 faetus
688 3501 738 3556 est
752 3497 924 3574 episeopus.
940 3493 1028 3554 Obiit
1048 3513 1126 3554 anno
1141 3495 1201 3553 698
1216 3492 1349 3572 epochae
1363 3489 1551 3567 Edessenee,
1571 3489 1624 3567 qni
1638 3510 1716 3550 anno

276 3610 337 3652 aer.
357 3591 442 3669 vulg.
464 3591 593 3652 387-388
613 3592 796 3671 respondet:
819 3591 848 3654 ei
870 3591 970 3672 (lyrus
992 3590 1143 3653 suecessit
1158 3591 1241 3672 (Chr.
1257 3589 1368 3652 Edess.
1382 3589 1415 3650 in
1429 3589 1716 3650 AssemannoBibt.

279 3687 331 3748 Or.
352 3689 388 3748 11
407 3709 437 3767 p.
458 3689 540 3768 999).
1143 3761 1146 3766 Ι

356 3784 366 3819 ¹
380 3785 467 3846 Bene
488 3787 652 3866 episeopus
672 3785 822 3865 Edessae,
843 3807 912 3850 oum
932 3786 1121 3866 Peregrinae
1135 3787 1276 3850 novisset
1290 3786 1439 3865 originem
1454 3794 1486 3849 et
1499 3786 1569 3866 iter,
1585 3784 1718 3846 Galliam

276 3889 430 3943 extremas
449 3889 551 3943 terras
572 3883 660 3944 dixit.

326 4047 328 4058 Ι
355 3978 367 4014 ²
381 3979 451 4041 Duo
469 3985 558 4042 erant
571 3981 690 4058 regalia
702 3980 842 4044 Edessae
857 3981 983 4062 palatia,
997 4003 1092 4044 unum
1106 3985 1187 4061 quod
1200 3984 1368 4046 vocabatur
1382 3982 1491 4061 maius,
1507 4001 1524 4044 e
1539 4002 1598 4060 quo
1613 3979 1717 4042 fontes

276 4097 421 4156 aquarum
441 4078 520 4140 satis
540 4079 662 4140 abunde
683 4080 853 4156 scatebant,
875 4081 1005 4142 alterum
1026 4083 1065 4142 ab
1085 4082 1211 4160 Abgaro
1236 4082 1270 4142 in
1298 4080 1410 4161 oppido
1438 4101 1494 4143 suo
1522 4079 1717 4141 aedificatum

275 4195 355 4238 anno
369 4176 616 4255 quingentesimo
631 4176 749 4239 decimo
763 4179 895 4258 septimo
911 4179 1045 4258 epochae
1061 4178 1228 4243 edessenae
1251 4179 1392 4258 (2049Οὸ
1413 4200 1443 4259 p.
1465 4178 1551 4260 Chr.)
1574 4174 1716 4242 Chronio.

276 4275 378 4338 edess.
393 4276 437 4355 H,
459 4295 488 4354 p.
512 4277 572 4336 390
593 4282 625 4338 et
645 4277 714 4338 993.

353 4371 602 4452 ³Arehstypum,
623 4391 680 4434 seu
701 4373 827 4451 antiqua
848 4381 881 4436 et
900 4374 1002 4436 fidelis
1023 4376 1142 4454 Abgari
1163 4376 1264 4455 imago
1280 4395 1318 4438 ex
1331 4375 1449 4455 onyohe
1466 4375 1518 4438 rel
1532 4373 1716 4438 alabastrite

276 4467 387 4531 effieta.
409 4472 523 4548 Inpone
545 4469 578 4529 in
598 4468 665 4530 eod.
686 4490 742 4551 pro
763 4474 861 4532 ualde.
882 4471 963 4532 Item
984 4473 1116 4551 legimus
1138 4473 1168 4534 in
1189 4474 1314 4554 pagella
1333 4473 1433 4553 prima
1461 4473 1554 4535 huius
1581 4472 1717 4552 peregri-

275 4565 426 4626 nationis:
450 4565 636 4628 ‹faoiebant
656 4567 770 4629 vallem
790 4567 942 4630 infinitam
962 4570 1072 4648 ingens
1085 4594 1112 4632 ».

353 4662 427 4724 ⁴De
446 4663 572 4740 Abgaro
593 4683 667 4742 rege
689 4664 877 4743 Oshroenae,
903 4668 955 4744 qui
984 4667 1102 4729 Christi
1129 4675 1267 4748 tempore
1287 4669 1376 4745 vixit,
1398 4668 1517 4746 aliquot
1537 4667 1717 4729 testimonia

276 4766 382 4822 extant
401 4760 540 4838 antiqua:
561 4762 633 4824 Tae.
654 4764 735 4824 Ann.
756 4764 777 4824 l.
799 4765 876 4841 XII,
898 4786 925 4826 o.
946 4767 981 4844 33
1002 4767 1126 4846 Ioseph.
1148 4767 1254 4845 Antiq.
1275 4768 1295 4828 l.
1311 4768 1386 4846 XX,
1404 4788 1429 4829 o.
1443 4769 1479 4844 23
1495 4766 1608 4828 Euseb.
1622 4765 1663 4826 H.
1679 4765 1714 4825 E.

274 4857 295 4916 l.
316 4857 342 4935 I,
364 4877 429 4936 cap:
452 4860 498 4919 13.
521 4858 569 4919 ef.
591 4859 758 4922 Tillemont
778 4865 867 4923 Mem.
889 4864 915 4938 I,
937 4885 966 4942 p.
988 4865 1057 4925 361.

354 4954 537 5018 ⁵Exhibent
556 4959 672 5018 nummi
693 4959 832 5022 Edessae
853 4961 921 5023 cusi
941 4962 1045 5024 ieones
1066 4983 1175 5041 regum
1194 4970 1261 5023 tum
1281 4963 1408 5042 Abgari,
1430 4971 1496 5024 tum
1519 4961 1642 5039 Manui,
1664 4960 1716 5022 vel

274 5051 378 5114 Maeni
400 5053 520 5134 (Magni
540 5053 573 5114 in
593 5055 673 5136 eod.)
695 5077 713 5116 a
733 5063 871 5135 tempore
893 5058 1045 5118 Hadriani
1066 5079 1161 5136 usque
1182 5059 1221 5120 ad
1235 5059 1440 5120 Gordianum:
1461 5079 1479 5120 e
1500 5059 1612 5136 quibus
1632 5077 1716 5118 nnm-

274 5151 334 5212 mis
353 5170 442 5228 unus,
464 5159 568 5214 astate
590 5153 757 5234 Commodi,
779 5155 899 5234 Abgari
920 5163 953 5219 et
973 5157 1081 5218 Manui
1100 5157 1157 5218 filii
1171 5157 1291 5220 vultum
1313 5157 1437 5220 exhibet
1456 5157 1608 5237 (Viseonti
1630 5158 1714 5216 Ioon.

278 5247 387 5326 Greoa,
409 5256 432 5310 t.
453 5249 514 5330 III,
538 5257 599 5312 tev.
622 5255 663 5333 2),
679 5253 893 5334 depromptum
914 5254 1048 5318 fortasse
1070 5275 1108 5318 ex
1128 5256 1207 5335 ipsis
1228 5256 1342 5319 statuis
1363 5255 1498 5334 ieonieia
1520 5273 1598 5334 quae
1617 5273 1714 5333 nsque

275 5343 315 5406 ad
335 5345 521 5424 Peregrinae
542 5355 665 5428 tempus
686 5351 719 5410 in
738 5351 854 5429 palatio
875 5351 1066 5414 visebantur.

353 5443 502 5506 ‘civitas
522 5446 644 5508 Edessa
663 5447 707 5508 ita
726 5449 884 5512 nominata
904 5454 943 5513 ab
958 5471 1104 5528 aquarum
1117 5450 1159 5530 vi,
1173 5459 1209 5512 ut
1228 5469 1245 5512 e
1261 5451 1367 5529 Steph.
1388 5451 1471 5530 Bya.
1493 5442 1545 5517 tii
1568 5452 1627 5524 τὴν
1651 5461 1714 5517 τῶν

276 5533 397 5610 elleos
422 5542 520 5634 ῥύμην
544 5546 626 5612 οὕτω
649 5547 809 5622 κληθεῖσα.
831 5548 913 5612 Plin.
935 5550 976 5612 H.
997 5550 1068 5612 Nat.
1090 5549 1111 5610 l.
1132 5549 1171 5625 V,
1190 5551 1243 5609 21:
1266 5549 1454 5629 «Edessam,
1468 5569 1547 5628 quae
1560 5551 1714 5629 quondam

1555 5685 1573 5740 9
