4622 6572
600 643 681 688 xm
1223 639 1408 686 amaranto

599 863 743 939 labrem
779 863 981 958 epistolam
1017 861 1159 937 Christi
1194 861 1243 935 ad
1281 859 1489 956 Abgarum,
1527 881 1625 956 quae
1666 858 1851 956 religione
1888 881 2042 934 summa

599 1008 761 1084 Edessae
788 1008 1027 1084 servabatur.

677 1150 817 1226 Postea
845 1173 1043 1248 progressa
1070 1152 1129 1226 est
1155 1171 1276 1246 usque
1296 1148 1345 1223 ad
1364 1148 1511 1240 Carras,
1532 1170 1631 1245 quae
1649 1147 1781 1223 Haran
1800 1148 1839 1223 in
1861 1141 2038 1226 Genesi¹:

598 1295 738 1369 ibidem
768 1296 887 1370 etiam
915 1297 974 1370 est
1001 1296 1050 1370 ab
1079 1294 1252 1391 episcopo
1272 1293 1458 1369 monacho
1477 1296 1518 1368 ot
1537 1291 1751 1368 confessore
1774 1297 1939 1390 recepta,
1957 1316 2040 1369 mo·

597 1441 813 1537 nachosque
840 1441 1080 1515 austeritatis
1100 1439 1213 1515 laude
1233 1439 1449 1536 praeclaros
1469 1439 1666 1514 convenit:
1695 1436 1879 1512 Phadana
1907 1441 2040 1514 autem

598 1582 742 1674 invisit,
771 1583 898 1658 vicum
924 1582 1073 1658 civitati
1104 1603 1169 1656 sex
1197 1581 1386 1655 milliariis
1415 1580 1643 1676 proximum,
1672 1580 1739 1655 ubi
1763 1581 2041 1658 ostendebatur

598 1729 737 1823 puteus
755 1727 912 1803 Labani.
935 1727 1058 1814 Quum
1077 1705 1231 1824 quidem
1249 1727 1402 1824 longius
1421 1728 1503 1824 ipsa
1521 1727 1627 1803 abire
1645 1750 1723 1826 non
1742 1732 1869 1824 posset
1883 1731 2041 1825 propter

598 1871 747 1945 romani
774 1871 925 1967 imperii
952 1870 1045 1946 finos
1073 1871 1187 1966 paulo
1216 1873 1309 1946 anto
1339 1893 1426 1946 cum
1453 1870 1580 1945 Persis
1598 1871 1638 1944 in
1656 1871 1932 1968 Mesopotamia
1949 1893 2039 1948 con·

598 2013 770 2105 stitutus,
790 2013 1034 2090 Antiochiam
1053 2036 1120 2111 per
1138 2013 1289 2089 easdem
1309 2013 1524 2090 mansiones
1544 2035 1715 2112 regressa
1735 2017 1805 2091 est.
1827 2014 1900 2091 Sed
1914 2013 2039 2112 prius·

598 2176 713 2250 quam
733 2153 1103 2252 Constantinopolim
1123 2159 1311 2252 pergeret,
1331 2157 1563 2254 martyrium
1582 2179 1611 2231 s.
1628 2157 1789 2233 Theclae
1806 2157 1847 2230 in
1867 2155 2041 2233 Seleucia

597 2297 768 2377 Isauriae
796 2301 1084 2377 celeberrimum
1111 2300 1251 2399 pietati
1287 2324 1379 2378 suae
1415 2301 1557 2378 addere
1589 2302 1740 2378 maluit.
1785 2302 2040 2390 Quamobrem

599 2467 768 2542 gressum
796 2445 937 2520 direxit
964 2446 1124 2520 Tarsum
1152 2445 1317 2539 Ciliciae,
1338 2447 1426 2522 dein
1453 2448 1757 2544 Pompeiopolim
1783 2451 1825 2524 et
1851 2447 2040 2540 Coricum,

598 2589 717 2665 tertio
733 2589 793 2665 die
807 2589 1031 2686 perveniens
1050 2587 1262 2665 Seleuciam
1271 2584 1295 2665 ².
1318 2589 1440 2676 Quam
1458 2613 1576 2687 prope
1595 2591 1795 2668 civitatem
1810 2593 1895 2666 erat
1908 2613 2041 2666 mona·

602 2729 761 2806 sterium
790 2754 819 2805 s.
849 2697 1010 2805 Theclae
1029 2731 1160 2821 situm,
1180 2752 1294 2826 quem
1312 2730 1749 2810 Marthanadiaconisse
1768 2732 1926 2829 regebat
1944 2732 2040 2806 ami·

468 2961 474 2972 ,
600 2871 750 2948 cissima
767 2872 1000 2968 peregrinae.
1028 2871 1062 2944 A
1082 2871 1254 2948 Seleucia
1272 2872 1462 2946 'l'barsum
1480 2895 1646 2965 reverse,
1664 2875 1781 2966 viam,
1802 2895 1902 2971 quae
1921 2876 2041 2950 etiam

600 3015 755 3110 signata
779 3015 841 3088 est
869 3016 908 3086 in
935 3011 1152 3105 Itinerario,
1178 3035 1245 3111 per
1264 3014 1540 3111 Cappadociam
1564 3018 1605 3091 et
1633 3014 1826 3091 Calatiam
1845 3018 1886 3091 et
1903 3015 2040 3114 Bithy·

600 3157 706 3230 niam
733 3156 912 3248 confecit,
935 3157 1069 3254 pedem
1088 3159 1226 3233 sistens
1246 3157 1483 3234 Calchedona
1501 3158 1708 3257 Bithyniae
1736 3164 1891 3257 propter
1913 3161 2039 3258 sepul-

602 3324 709 3379 crum
728 3324 757 3376 s.
778 3303 1021 3399 Euphemiae.
1042 3302 1240 3400 Bosphoro
1258 3303 1422 3380 traiecto
1444 3303 1814 3403 Constantinopolim
1833 3328 1873 3382 se
1892 3307 2040 3404 recipit,

601 3448 822 3524 ibidebitas
841 3449 881 3522 in
900 3447 1173 3545 Apostolorum
1192 3449 1430 3546 caeterisque
1451 3448 1617 3526 ecclesiis
1631 3450 1711 3527 Deo
1729 3451 1866 3526 retulit
1885 3453 2042 3550 gratias,

603 3590 704 3687 quod
717 3593 869 3665 tantam
884 3590 1229 3687 peregrinationem
1244 3591 1293 3665 ad
1306 3591 1390 3667 loca
1410 3595 1547 3668 sancta
1575 3593 1732 3669 coelesti
1750 3595 1894 3669 auxilio
1916 3594 2040 3692 perfe-

603 3736 728 3811 cisset.
757 3733 902 3808 Verum
920 3756 1006 3809 cum
1035 3734 1082 3810 de
1108 3734 1177 3808 illa
1205 3733 1396 3832 sacrisque
1420 3735 1649 3812 relationem
1676 3738 1938 3835 perscriberet,
1967 3739 2041 3813 sibi

603 3880 797 3956 statutum
833 3877 911 3950 iam
946 3880 1031 3952 erat
1068 3878 1197 3952 Asiam
1236 3877 1360 3954 denuo
1397 3877 1582 3976 proficisci
1609 3879 1658 3954 ad
1685 3881 1833 3956 cultum
1866 3882 2040 3978 sepulcro

603 4045 633 4096 s.
662 4019 816 4096 Ioannis
844 4015 1007 4116 apostoli
1043 4019 1292 4095 tribuendum
1330 4021 1478 4117 Ephesi,
1507 4024 1610 4118 quod
1637 4027 1722 4100 tum
1749 4026 2039 4122 peregrinorum

517 4220 520 4226 .
603 4166 727 4263 pietas
743 4187 971 4262 magnopere
984 4151 1256 4261 frequentabat
1264 4156 1289 4242 ³.
1306 4167 1492 4263 Equidem
1508 4167 1657 4244 incerta
1673 4172 1804 4244 utrum
1819 4169 1859 4244 in
1874 4172 2042 4267 patriam

603 4304 757 4398 rediret,
777 4327 833 4396 ea,
855 4328 953 4402 quae
971 4305 1123 4397 viderit,
1152 4307 1301 4402 scriptis
1326 4306 1468 4383 referre
1485 4308 1698 4404 pollicetur,
1718 4314 1911 4408 postremo
1930 4335 1971 4389 se
1990 4315 2043 4388 ad

604 4469 732 4545 preces
759 4470 931 4523 sororum
960 4446 1237 4525 venerabilium
1264 4449 1519 4527 commendat.
1599 4551 1602 4554 Ι

687 4726 696 4763 ¹
712 4728 839 4808 Peregr.
859 4749 889 4810 p.
911 4729 1011 4792 6472.

687 4825 841 4906 'Perega
862 4849 892 4908 p.
914 4828 1013 4890 73-74.

686 4925 839 5007 ⁸Peregr·
860 4946 890 5007 p-
912 4927 969 4989 75:
994 4925 1098 4988 «Cum
1117 4926 1194 4990 haec
1214 4927 1254 4990 ad
1275 4935 1413 4992 rosham
1443 4927 1639 4993 affectionem
1666 4929 1862 5010 daramium
1888 4933 2047 5013 propositi

607 5031 683 5106 erat,
704 5025 736 5088 in
756 5027 877 5090 nomine
896 5027 970 5091 Iesu
990 5023 1108 5090 Christi
1129 5025 1245 5089 domini
1265 5028 1364 5091 nostri
1376 5028 1416 5091 ed
1430 5029 1529 5092 asiam
1549 5028 1727 5111 accedendi,
1741 5029 1775 5091 id
1790 5039 1840 5095 est
1853 5032 2044 5113 Ephesum.»
