4622 6572
789 676 833 719 nn
857 677 1033 721 ursrsrurs
1057 677 1101 722 nr
1124 679 1233 723 nrum
1689 663 1719 724 ll

288 901 430 988 noster,
460 896 526 992 qui
563 896 721 972 verbum
751 918 838 970 caro
866 897 1110 990 factumest,
1144 903 1405 995 comparatus;
1436 901 1570 998 quiet
1599 903 1656 977 ait
1686 879 1728 976 in

290 1022 496 1120 evangeliis
512 1013 544 1095 ¹:
578 1025 593 1057 “
614 1011 751 1096 Venite
769 1022 818 1094 ad
837 1045 896 1097 me
916 1045 1059 1115 omnes,
1080 1024 1146 1120 qui
1163 1025 1348 1100 laboratis
1376 1028 1416 1100 et
1444 1029 1593 1102 onerati
1623 1028 1726 1120 ostie,

289 1154 330 1226 et
358 1173 428 1245 ego
456 1171 524 1224 vos
555 1147 744 1221 reficiam:
774 1147 901 1222 tollite
937 1148 1070 1244 iugum
1099 1171 1228 1222 meum
1260 1171 1479 1245 supervos,
1509 1154 1549 1226 et
1576 1151 1721 1242 discite,

289 1277 379 1372 quia
405 1274 510 1348 mitis
529 1297 614 1346 sum
634 1277 673 1348 et
700 1273 855 1346 humilis
874 1273 1006 1363 corde;
1027 1278 1066 1348 et
1094 1274 1297 1350 invenietis
1325 1276 1495 1371 requiem
1524 1276 1728 1350 animabus

289 1401 437 1478 vestris
467 1399 602 1495 Iugum
634 1396 735 1472 enim
763 1419 891 1471 meum
918 1418 1035 1472 suave
1065 1401 1135 1489 est,
1156 1401 1196 1472 et
1224 1421 1319 1473 onus
1349 1421 1476 1472 meum
1495 1400 1579 1476 leve
1609 1405 1667 1476 est
1692 1458 1726 1489 ,.

291 1527 399 1602 Facit
425 1547 514 1620 ergo
543 1523 786 1618 requiescere,
806 1525 847 1596 et
876 1523 1075 1597 animabus
1102 1525 1273 1620 requiem
1301 1525 1495 1620 impertit;
1516 1529 1556 1600 et
1580 1528 1627 1600 ob
1657 1528 1728 1602 im·

291 1653 438 1726 minens
467 1649 650 1723 iudicium
679 1647 717 1720 iu
747 1647 943 1722 doctrinae
971 1649 1011 1722 et
1038 1647 1217 1723 ecclesiae
1246 1671 1337 1724 suae
1366 1671 1494 1724 arcam
1531 1650 1660 1725 felices
1688 1655 1729 1726 et

290 1777 438 1872 genitos
467 1776 507 1848 et
534 1774 775 1866 nuncupatos
804 1771 996 1859 recondit;
1026 1774 1066 1846 et
1094 1773 1273 1869 spiritum
1301 1776 1477 1847 sanctum
1508 1774 1660 1865 tribuit,
1689 1779 1730 1850 et

292 1901 467 1990 moritur,
498 1903 538 1974 et
572 1897 773 1987 inridetur,
803 1899 843 1970 et
871 1897 1049 1992 resurgit,
1078 1901 1120 1971 et
1147 1897 1315 1971 humano
1351 1899 1479 1994 generi
1514 1902 1618 1974 recte
1645 1922 1728 1996 per·

291 2047 469 2121 peremne
508 2026 703 2120 gestorum
740 2043 902 2118 poenam
938 2021 1330 2099 sanctificationemve
1367 2024 1581 2098 coustituit.
1610 2025 1661 2099 Et
1690 2026 1729 2098 in

293 2172 336 2225 eo
366 2149 517 2244 quidem
537 2171 624 2223 cum
644 2169 772 2221 arcam
800 2147 949 2243 ingredi
977 2151 1047 2222 aut
1075 2150 1204 2244 egredi
1223 2173 1268 2224 ex
1297 2172 1342 2224 ea
1369 2149 1451 2224 Noe
1479 2149 1645 2242 iubetur,
1666 2175 1726 2226 ra·

290 2277 346 2349 tio
375 2274 554 2349 ecclesiae
573 2271 886 2347 sanctificationis
915 2277 974 2348 est
1002 2275 1240 2348 conferenda.
1272 2273 1463 2371 Scriptum
1492 2277 1594 2351 enim
1621 2270 1728 2351 est²:

296 2405 311 2436 “
337 2399 519 2473 introibis
555 2403 687 2473 autem
724 2420 852 2472 arcam
890 2402 946 2488 tu,
987 2401 1026 2473 et
1054 2398 1123 2471 filii
1149 2401 1220 2489 tui,
1250 2403 1290 2474 et
1318 2403 1531 2492 uxortua,
1560 2404 1600 2476 et
1636 2425 1729 2476 uxo·

291 2548 349 2600 ree
378 2525 544 2598 filiorum
572 2527 728 2598 tuorum
750 2577 784 2616 ,.
809 2531 816 2614 1
841 2523 891 2596 Et
918 2545 1071 2596 rursum
1090 2513 1124 2596 ³:
1164 2527 1180 2560 “
1198 2523 1306 2597 Dixit
1338 2523 1523 2597 Dominus
1552 2526 1652 2600 Deus
1680 2526 1729 2600 ad
1759 2528 1794 2586 10

291 2649 373 2724 Noe
402 2651 549 2724 dicens:
579 2651 649 2724 Exi
677 2651 722 2725 de
751 2671 839 2724 area
866 2653 924 2746 tu,
954 2652 993 2724 et
1024 2653 1225 2740 uxortua,
1259 2653 1299 2724 et
1326 2649 1396 2722 filii
1423 2651 1494 2743 tui,
1525 2655 1565 2725 et
1593 2675 1729 2727 uxores

291 2776 457 2850 filiorum
485 2779 646 2851 tuorum
674 2834 705 2866 ,.
737 2776 876 2851 Sexum
905 2798 1032 2849 arcam
1070 2775 1367 2871 ingredientium
1404 2777 1569 2853 invicem
1596 2778 1728 2868 sociat,

291 2901 462 2975 virorum
491 2901 707 2993 advirum,
737 2901 943 2974 mulierum
972 2900 1021 2974 ad
1050 2899 1267 2974 foeminam.
1302 2899 1549 2976 Continentes
1586 2903 1730 2978 scilicet

292 3025 487 3100 ecclesiam
515 3025 742 3099 introituros
771 3021 973 3121 oportere⁴
993 3046 1073 3098 csse
1101 3023 1329 3120 significans,
1358 3026 1418 3098 sui
1440 3028 1573 3121 postea
1592 3050 1729 3100 unum·

293 3170 481 3246 quemque
509 3149 674 3246 coniugii
694 3149 841 3244 copiam
868 3153 1125 3244 recepturum,
1145 3171 1231 3223 cum
1251 3151 1311 3224 ter
1335 3152 1394 3224 est
1412 3141 1595 3224 emissa⁵:
1616 3154 1656 3226 et
1675 3173 1731 3227 se·

292 3299 410 3373 quens
447 3276 599 3372 quidem
638 3275 789 3351 emissio
817 3297 894 3348 non
929 3275 1120 3350 incertum
1149 3279 1207 3349 est
1235 3275 1325 3370 quid
1363 3275 1605 3372 praefiguret.
1637 3277 1732 3352 (lum
1822 3271 1825 3278 ’

291 3393 443 3478 olivae⁶
469 3423 635 3497 namque
665 3401 868 3474 fructuosis
897 3400 998 3474 foliis
1026 3400 1247 3491 revertitur,
1277 3423 1354 3474 non
1382 3399 1458 3473 iam
1491 3425 1609 3475 manu
1638 3405 1731 3480 reci-

291 3527 439 3620 pienda,
474 3526 540 3600 sed
576 3526 766 3601 revolans
795 3525 1002 3619 impletum
1039 3527 1171 3598 autem
1207 3524 1312 3598 istud
1349 3528 1418 3616 est,
1453 3547 1540 3600 cum
1578 3531 1731 3625 accepto

291 3655 422 3727 sancto
442 3651 579 3746 spiritu
608 3650 853 3746 septuaginta
882 3650 1067 3746 discipuli,
1088 3650 1137 3723 ad
1165 3649 1460 3746 praedicandum
1489 3652 1732 3747 evangelium

291 3776 428 3867 emissi,
450 3798 536 3850 cum
556 3775 677 3870 gloria
707 3774 949 3848 subditorum
968 3774 1039 3848 sibi
1067 3773 1351 3847 immundorum
1373 3775 1581 3870 spirituum
1600 3799 1726 3852 rever·

291 3904 449 3974 tuntur:
479 3902 648 3975 fructum
676 3899 957 3973 misericordiae
985 3898 1066 3990 Dei,
1096 3900 1162 3994 qui
1191 3898 1425 3996 significatus
1454 3900 1493 3972 in
1527 3901 1631 3976 oliva
1660 3906 1731 3992 est,

291 4029 422 4102 sancto
450 4025 588 4122 spiritu
615 4027 849 4121 reportante,
869 4027 910 4098 et
938 4024 1029 4120 quia
1058 4024 1338 4098 discedentibus
1361 4025 1420 4099 his
1448 4030 1581 4120 postea
1610 4027 1731 4101 aDo·

291 4151 394 4225 mino
422 4150 570 4224 nullam
597 4151 716 4224 etiam
745 4150 914 4245 requiem
944 4153 1044 4224 esset
1071 4148 1286 4224 habiturus.
1321 4148 1415 4222 (lum
1442 4151 1572 4225 fructu
1599 4154 1731 4226 tamen

291 4277 339 4349 ad
366 4269 449 4350 Noe
477 4275 653 4349 columba
680 4274 891 4350 revolavit:
921 4273 1137 4369 significans
1165 4296 1232 4368 per
1260 4274 1297 4346 id
1325 4274 1365 4347 in
1393 4274 1522 4349 reditu
1551 4277 1732 4370 secunde,

291 4406 331 4477 et
358 4401 538 4476 subiectis
568 4400 753 4474 demoniis
781 4399 905 4472 sancti
932 4400 1090 4495 spiritus
1118 4399 1299 4492 fructum,
1329 4401 1370 4473 et
1399 4398 1681 4474 discedentibus
1710 4425 1734 4474 a

291 4527 453 4602 Domino
482 4525 673 4621 discipulis
702 4523 935 4598 consistendi
962 4523 1086 4598 adhuc
1113 4517 1183 4598 re⁷
1484 4523 1613 4599 Tertia
1641 4547 1732 4602 vero

292 4651 441 4727 emissio
470 4654 587 4747 atque
615 4649 784 4725 evolatiu
821 4649 1105 4724 habitationem
1133 4649 1226 4740 ciue,
1249 4647 1407 4744 quaein
1436 4649 1631 4726 credentes
1659 4656 1733 4743 est,

291 4777 536 4874 praeformat,
566 4776 703 4872 spiritu
731 4778 864 4849 sancto
903 4775 1039 4849 emisso
1068 4774 1109 4846 in
1148 4777 1349 4849 aeternum
1388 4773 1557 4849 fidelium
1595 4775 1734 4848 animis

292 4905 554 4998 permanente.
583 4900 667 4974 Iam
694 4922 787 4975 vero
816 4899 862 4974 de
889 4899 1019 4974 fructu
1051 4899 1252 4996 plantatae
1279 4900 1415 4975 vineae
1454 4901 1618 4975 ebrietas
1647 4923 1734 4996 pas·

372 5223 381 5258 ¹
397 5215 509 5276 Matth.
531 5213 590 5292 XI,
612 5234 641 5275 v.
657 5215 748 5274 2830
764 5248 799 5259 -
815 5221 826 5253 ²
841 5213 955 5274 Genus.
976 5212 1050 5290 VH,
1070 5215 1086 5273 1
1104 5248 1141 5258 -
1155 5219 1166 5252 ⁸
1182 5211 1294 5274 denes.
1316 5213 1390 5292 VH,
1413 5213 1452 5274 15
1476 5247 1509 5258 -
1533 5217 1734 5292 ‘opportere

292 5350 327 5361 -
351 5323 362 5356 ⁵
378 5314 506 5394 Supple:
528 5313 668 5374 columba
689 5347 724 5358 -
747 5320 759 5354 ⁶
775 5311 875 5372 olibae
889 5319 952 5358 ...r
969 5311 1056 5372 Haec
1069 5310 1178 5372 lacuna
1192 5309 1223 5370 in
1240 5308 1346 5371 codiee
1362 5309 1568 5389 periodueque
1583 5329 1735 5389 suspensa

289 5417 402 5474 bonum
422 5413 571 5491 praebent
592 5416 813 5490 argumentum,
833 5415 869 5471 ut
889 5408 928 5471 de
949 5407 1114 5472 scribentis
1135 5407 1285 5470 fidelitate
1306 5414 1397 5488 atque
1418 5408 1457 5471 de
1479 5407 1662 5490 exemplaris
1685 5428 1737 5471 re-

292 5517 409 5573 tustate
431 5509 623 5572 arbitremur.
814 5527 815 5532 ¹
