4604 6560
772 782 817 830 ro
840 781 926 830 soor
949 780 1076 829 aarum
1098 780 1154 828 er.
1177 785 1278 830 sss-us
1703 756 1746 826 67

306 1004 412 1093 hora,
442 1005 489 1075 ut
514 1024 583 1077 nec
611 1001 682 1097 ipsi
709 1001 985 1078 haberentve]
1012 1024 1090 1074 una
1122 1001 1183 1076 die
1202 1001 1304 1098 quod
1331 1001 1518 1092 biberent,
1548 1000 1615 1096 qui
1642 999 1743 1074 obsi·

307 1127 451 1202 debant
478 1125 688 1217 civitatem,
717 1125 817 1201 sicut
853 1129 984 1200 tamen
1012 1129 1053 1201 et
1079 1148 1200 1222 usque
1228 1125 1268 1198 in
1294 1125 1408 1201 hodie
1445 1129 1624 1222 apparet:
1655 1149 1745 1198 nam

307 1253 440 1346 postea
465 1273 662 1346 nunquam
691 1272 760 1326 neo
782 1251 1069 1346 qualiscumque
1101 1250 1239 1325 humor
1266 1251 1321 1324 ibi
1348 1252 1528 1346 apparuit
1554 1272 1675 1346 usque
1705 1251 1745 1324 in

307 1375 429 1449 hodie.
450 1374 504 1448 Ac
523 1375 576 1449 sic
593 1373 750 1449 iubente
768 1374 861 1465 Deo,
881 1373 947 1468 qui
965 1373 1036 1448 hoc
1055 1374 1282 1469 promiserat
1300 1374 1487 1464 futurum,
1504 1396 1653 1450 necesse
1668 1373 1745 1446 fuit

306 1521 370 1573 eos
398 1499 532 1572 statim
559 1498 702 1574 reverti
722 1499 770 1571 ad
789 1521 869 1588 sua,
890 1499 928 1570 id
948 1501 1007 1572 est
1025 1499 1066 1572 in
1085 1499 1245 1574 Persida
1260 1491 1286 1573 ¹.
1305 1499 1405 1572 Nam
1434 1503 1475 1573 et
1502 1499 1746 1595 postmodum

306 1623 646 1718 quotienscumque
679 1623 885 1698 voluerunt
921 1625 1052 1698 venire
1089 1627 1130 1698 et
1157 1646 1375 1720 expugnare
1411 1624 1509 1698 hanc
1545 1624 1745 1699 civitatem

306 1749 444 1838 hostes,
470 1748 564 1822 haec
590 1747 753 1843 epistola
780 1747 932 1844 prolata
959 1750 1030 1841 est,
1046 1751 1087 1824 et
1108 1749 1209 1824 lecta
1236 1752 1296 1824 ast
1322 1749 1363 1822 in
1389 1753 1514 1844 porta,
1543 1751 1584 1824 et
1607 1750 1744 1822 statim

305 1875 404 1977 nutu
433 1871 504 1947 Dei
531 1872 678 1969 expulsi
705 1875 797 1946 sunt
824 1894 959 1948 omnes
986 1873 1129 1948 hostes.
1156 1874 1258 1947 Illud
1286 1874 1403 1948 etiam
1430 1874 1566 1949 retulit
1592 1877 1747 1950 sanctus

305 1996 512 2093 episcopus,
532 2018 577 2072 ao
597 1996 699 2092 quod
718 1996 774 2070 hii
793 1997 921 2074 fontes
942 1998 1042 2073 ubie
1062 2020 1156 2093 rupe
1174 1998 1316 2089 ierunt,
1332 2000 1423 2072 ante
1442 1997 1496 2073 sic
1509 1998 1628 2073 fuerit
1646 2020 1746 2074 cam·

306 2141 376 2216 pus
413 2120 516 2193 intra
552 2119 762 2210 civitatem,
801 2120 998 2196 subiacens
1035 2121 1180 2216 palatio
1218 2120 1374 2217 Aggari.
1412 2120 1521 2207 Quod
1557 2120 1745 2217 palatium

306 2243 449 2340 Aggari
477 2244 586 2340 quasi
612 2245 654 2318 in
682 2244 836 2319 editiori
863 2245 946 2320 loco
974 2246 1140 2339 positum
1169 2247 1266 2336 erat,
1296 2245 1396 2320 sicut
1422 2248 1463 2320 et
1489 2265 1590 2320 nunc
1621 2247 1746 2342 paret,

306 2372 351 2443 ut
377 2369 496 2445 vides.
524 2369 624 2443 Nam
653 2369 888 2445 cousuetudo
916 2370 1007 2443 talis
1034 2372 1119 2445 erat
1147 2370 1187 2444 in
1214 2369 1281 2443 illo
1309 2373 1492 2465 tempore,
1520 2371 1567 2442 ut
1585 2369 1746 2465 palatia,

305 2495 557 2589 quotiensque
589 2493 889 2586 fabricabantur,
918 2517 1065 2591 semper
1096 2495 1137 2568 in
1173 2494 1398 2568 editioribus
1434 2494 1527 2568 locis
1564 2493 1699 2570 fierent
1720 2485 1746 2568 ².

306 2618 378 2694 Sed
404 2617 648 2714 postmodum
677 2642 792 2713 quam
819 2619 873 2693 hii
900 2620 1027 2693 fontes
1054 2619 1095 2692 in
1122 2641 1168 2693 eo
1196 2620 1279 2694 loco
1307 2621 1528 2714 eruperunt,
1547 2621 1641 2694 tunc
1663 2619 1745 2715 ipsc

305 2742 480 2838 Aggarus
506 2741 585 2816 filio
613 2765 682 2817 suo
710 2742 860 2838 Magne,
889 2743 929 2816 id
956 2746 1017 2818 est
1043 2743 1119 2833 isti,
1149 2744 1257 2818 ouius
1281 2743 1492 2838 archiotipa
1511 2742 1616 2818 vides
1635 2745 1745 2818 iuxta

196 2863 200 2870 ’
305 2871 416 2963 parte
445 2866 580 2962 posita,
608 2866 681 2941 hoc
707 2866 896 2962 palatium
925 2868 1016 2942 fecit
1049 2869 1089 2941 in
1126 2889 1171 2943 eo
1208 2867 1311 2942 loco:
1348 2867 1405 2940 ita
1440 2869 1573 2942 tamen
1610 2871 1655 2942 ut
1690 2868 1747 2942 hii

304 2992 430 3066 fontes
457 2992 562 3065 intra
588 2991 776 3087 palatium
804 2992 1101 3066 includerentur.
1133 2993 1272 3066 Postea
1299 3013 1389 3087 argo
1413 3015 1526 3086 quam
1545 2993 1639 3067 haec
1666 3015 1745 3067 om·

303 3116 368 3190 nia
396 3117 532 3192 retulit
560 3118 714 3190 sanctus
742 3116 948 3212 episcopus,
968 3118 1026 3189 ait
1044 3117 1194 3190 adme:
1214 3139 1346 3192 eamus
1374 3139 1475 3192 nunc
1503 3117 1551 3190 ad
1578 3120 1744 3213 portam,

304 3263 514 3336 perquam
543 3241 735 3336 ingressus
763 3244 822 3315 est
858 3241 1029 3314 Ananias
1058 3263 1188 3316 cursor
1217 3263 1304 3315 cum
1329 3240 1396 3314 illa
1425 3242 1600 3337 epistola,
1629 3265 1746 3337 quam

306 3365 488 3439 dixeram.
518 3365 613 3438 (lum
631 3387 721 3461 ergo
740 3365 974 3440 venissemus
994 3364 1043 3437 ad
1063 3367 1214 3460 portam
1239 3365 1361 3460 ipsam
1376 3355 1400 3455 ³,
1422 3367 1529 3439 stans
1549 3366 1745 3462 episcopus

306 3489 398 3564 fecit
425 3489 651 3581 orationem,
680 3491 722 3563 et
747 3488 843 3584 legit
869 3489 979 3563 nobis
998 3489 1053 3561 ibi
1072 3490 1172 3584 ipsas
1192 3487 1385 3584 epistolae,
1410 3491 1451 3563 et
1478 3488 1602 3562 denuo
1629 3488 1745 3562 bene·

305 3613 432 3689 dicens
458 3634 540 3704 nos,
565 3613 669 3688 facta
688 3615 749 3688 est
765 3614 908 3688 iterata
927 3613 1063 3688 oratio.
1085 3612 1188 3686 Illud
1207 3614 1326 3689 etiam
1344 3613 1481 3688 retulit
1497 3612 1609 3687 nobis
1637 3635 1744 3688 sanc·

304 3741 368 3811 tus
395 3737 474 3832 ipse
502 3736 649 3812 dicens:
678 3737 734 3811 Eo
763 3737 864 3832 quod
882 3758 929 3812 ex
947 3758 995 3812 ea
1014 3736 1086 3830 die,
1107 3759 1184 3833 qua
1202 3735 1372 3812 Ananias
1390 3759 1522 3812 cursor
1537 3759 1605 3832 per
1622 3735 1744 3832 ipsam

304 3865 455 3959 portam
483 3859 673 3957 ingressus
701 3865 761 3937 est
787 3883 873 3937 cunr
901 3863 1065 3958 epistola
1091 3861 1258 3953 Domini,
1287 3883 1410 3957 usque
1436 3862 1478 3935 in
1504 3864 1745 3958 praesentem

304 3985 404 4060 diam
432 3985 682 4078 custodiatur,
710 4007 758 4059 ne
787 3985 870 4080 quis
890 3985 1122 4078 immundus,
1142 4007 1190 4060 ne
1210 3985 1294 4081 quis
1311 3983 1497 4081 lugubris,
1526 4006 1595 4080 per
1621 3984 1745 4079 ipsam

304 4114 454 4208 portam
473 4114 664 4199 transeat;
684 4109 750 4186 sed
768 4132 838 4185 nec
857 4131 993 4206 corpus
1013 4110 1175 4185 alicuius
1195 4109 1339 4184 mortui
1359 4109 1519 4183 eiciatur
1537 4130 1605 4203 par
1622 4107 1744 4204 ipsam

303 4239 465 4332 portam.
483 4234 657 4310 Ostendit
683 4236 802 4310 etiam
819 4236 928 4311 nobis
948 4239 1105 4312 sanctus
1124 4236 1321 4332 episcopus
1344 4236 1569 4309 memoriam
1587 4234 1743 4329 Aggari,

383 4438 503 4502 ¹Nulla
523 4439 613 4502 nobis
635 4439 674 4502 ab
694 4440 832 4519 antiquis
852 4441 969 4502 tradita
997 4446 1046 4503 est
1073 4439 1219 4503 memoris
1238 4437 1414 4501 huiusmodi
1439 4437 1645 4516 obsessionis,
1666 4457 1744 4517 quae

303 4538 492 4618 Peregrinae
512 4538 552 4600 ab
572 4537 717 4618 episcopo
738 4539 878 4602 Edessae
897 4539 948 4600 hic
968 4544 1120 4600 narratur.

381 4635 496 4698 ²Siaus
517 4637 740 4716 adnotavimus,
762 4638 822 4699 duo
842 4637 967 4700 fuerunt
986 4638 1075 4715 regia
1098 4637 1224 4717 palatia,
1252 4657 1345 4697 unum
1372 4635 1472 4697 maius
1492 4635 1524 4695 in
1550 4654 1610 4712 quo
1639 4634 1743 4698 fontes

302 4742 398 4812 erant,
419 4734 552 4796 alterum
571 4735 652 4813 quod
666 4755 744 4796 anno
759 4737 817 4796 517
839 4737 910 4818 (206
924 4757 954 4815 p.
971 4735 1055 4816 Chr.)
1080 4735 1252 4814 ‹Abgarus
1273 4734 1305 4794 in
1326 4735 1438 4812 oppido
1459 4753 1514 4794 suo
1536 4733 1740 4795 aedificavit>
1836 4771 1843 4785 ·

302 4833 387 4914 (Ohr.
409 4832 513 4896 odeas.
533 4854 563 4912 p.
585 4831 666 4914 393).
688 4834 832 4895 Narratio
854 4841 956 4895 tamen
982 4834 1173 4912 Peregrinae
1199 4853 1261 4893 non
1286 4834 1366 4893 bene
1394 4833 1536 4910 congruit
1563 4851 1632 4894 cum
1658 4832 1744 4895 chro-

300 4931 385 5009 nico;
405 4951 477 4992 nam
490 4949 528 4992 ex
542 4930 679 5009 episcopi
692 4930 842 4992 relations
856 4936 949 4992 vetus
962 4931 1112 5009 palatium
1126 4929 1327 4992 constitutum
1342 4948 1412 4991 esse
1426 4928 1551 4990 videtur
1564 4929 1597 4990 in
1611 4927 1742 4992 editiore

300 5028 377 5103 loco,
400 5048 457 5091 seu
476 5029 511 5089 in
531 5027 654 5108 oppido,
675 5047 789 5090 novum
809 5034 913 5090 autem
933 5029 1041 5090 subter
1060 5028 1149 5106 illud,
1169 5049 1230 5105 qua
1250 5026 1355 5088 fontes
1375 5033 1551 5106 eruperunt.

380 5125 562 5189 ³Eusebius
577 5146 615 5188 ex
635 5125 749 5187 archiis
769 5126 902 5205 publicis
923 5127 1087 5206 epistolam
1108 5125 1228 5188 Christi
1249 5126 1445 5204 exemplavit,
1467 5145 1571 5203 quam,
1593 5131 1628 5186 ut
1649 5145 1743 5204 supra

301 5223 483 5303 audivimus,
505 5224 544 5286 ad
563 5229 686 5304 portam
705 5232 843 5305 tempore
865 5225 1035 5287 obsidionis
1057 5225 1222 5304 episcopus
1236 5223 1404 5287 afferebat:
1418 5243 1496 5285 anno
1511 5223 1743 5302 peregrinatio-

299 5322 349 5384 nis
370 5322 524 5384 Edasseni
545 5321 578 5384 in
598 5336 688 5401 porta
713 5322 783 5402 ipsa
809 5321 1034 5403 custodiebant,
1061 5323 1165 5400 ibique
1190 5342 1246 5401 pro
1274 5321 1393 5400 patriae
1422 5321 1610 5384 munimento
1639 5327 1743 5386 aetate

300 5420 444 5501 Procopii
464 5421 513 5501 (B.
528 5420 565 5482 P.
578 5419 599 5482 l.
621 5420 672 5480 XI
685 5440 711 5481 c.
728 5421 778 5500 12)
800 5421 975 5483 servabant.
990 5421 1156 5482 Translata
1176 5439 1249 5499 ergo
1272 5419 1406 5498 epistola
1424 5419 1487 5481 fuit
1508 5441 1546 5481 ex
1565 5419 1680 5482 archiis
1702 5421 1743 5481 ad
1796 5481 1799 5486 .

299 5525 429 5596 portam,
451 5525 589 5598 tempore
611 5518 795 5594 Constantii,
818 5509 887 5581 cnm
917 5519 1016 5599 Sapor
1036 5521 1202 5582 Persarum
1231 5537 1286 5581 rex
1305 5519 1419 5581 iterata
1443 5518 1620 5580 incursione
1639 5517 1740 5580 Meso-

300 5613 468 5692 potamiam
487 5615 613 5680 invasit.
