4622 6572
722 770 766 816 1v.
789 769 835 817 nn
856 767 1012 817 ammosa
1034 769 1331 818 caussamffloms
1667 773 1748 820 XXIX

307 987 348 1062 in
366 987 585 1064 Thebaidsn
613 990 684 1062 aut
701 987 741 1062 in
759 989 904 1063 insulas
927 989 1114 1086 relegavit
1129 981 1153 1064 ¹.
1182 989 1256 1064 Ubi
1284 989 1456 1083 decessit,
1477 989 1591 1064 iidem
1610 991 1650 1065 in
1669 991 1745 1088 pri-

307 1131 450 1206 stinam
464 1131 691 1228 dignitatem
705 1133 876 1208 revocati
890 1155 1047 1208 munere
1061 1134 1153 1208 sunt
1166 1155 1235 1208 suo
1249 1127 1407 1230 posthac
1418 1133 1547 1230 quiete
1562 1133 1744 1210 defuncti.

306 1273 490 1372 Eulogius
518 1298 619 1351 anno
637 1276 817 1370 edesseno
848 1275 923 1352 698
942 1277 1036 1368 (aer.
1056 1279 1161 1375 vulg.
1184 1277 1375 1371 ass-388)
1396 1281 1573 1354 mortuus
1592 1281 1663 1372 est,
1683 1281 1744 1354 cui

307 1417 427 1515 Cyrus
442 1423 631 1514 successit,
651 1444 765 1518 quem
784 1421 873 1497 fidei
900 1423 1151 1498 confessorem
1179 1444 1302 1520 neque
1322 1423 1508 1500 traditum
1531 1430 1601 1518 est,
1620 1447 1744 1524 neque

205 1557 230 1606 '¹
306 1560 352 1636 fit
368 1563 574 1640 verisimile
602 1565 673 1640 sub
701 1564 911 1640 Theodosio
941 1569 982 1641 et
1010 1563 1173 1640 Arcadio
1201 1565 1330 1640 fuisse.
1360 1565 1544 1664 Tempore
1563 1590 1743 1665 ergoquo

306 1707 481 1784 viverent
498 1707 582 1806 ipsi,
603 1731 669 1783 seu
697 1712 788 1785 ante
816 1733 958 1784 annum
990 1709 1079 1802 389,
1101 1709 1321 1807 Peregrina,
1349 1708 1391 1784 ni
1419 1711 1544 1803 fallor,
1563 1712 1605 1785 in
1624 1712 1744 1788 Meso·

305 1855 476 1950 potamia
502 1858 734 1930 versaretur.

385 1996 577 2094 Guiusque
604 1985 744 2074 nomen
771 2021 981 2096 numquam
1020 1997 1226 2094 Peregrina
1260 1997 1434 2093 protulit,
1464 1999 1617 2094 praeter
1644 1997 1744 2073 Mar·

304 2142 446 2218 thanac
465 2143 697 2218 diaconissae
708 2135 733 2236 ⁹,
754 2165 852 2240 quae
872 2141 1064 2217 Seleuciae
1082 2144 1167 2216 tum
1183 2141 1403 2232 ascitarum,
1419 2141 1563 2217 scilicet
1581 2143 1741 2239 asperri-

303 2308 410 2360 mum
427 2285 531 2362 vitae
549 2309 669 2383 genus
697 2287 907 2383 agentium,
928 2284 1205 2361 monasterium
1234 2307 1384 2358 summa
1403 2284 1550 2360 virtute
1569 2283 1739 2381 regebat.

303 2429 423 2516 Quam
444 2431 504 2504 sui
523 2430 789 2514 amicissimam
819 2452 899 2505 esse
930 2429 1034 2521 dicit,
1064 2453 1183 2526 quum
1210 2450 1294 2502 eam
1324 2427 1612 2524 Hierosolymis,
1641 2448 1740 2524 quae

302 2573 487 2649 orationis
505 2575 632 2670 gratia
659 2575 750 2649 illuc
777 2597 817 2650 se
845 2574 1022 2668 contulit,
1051 2572 1301 2669 cognovisset.
1331 2571 1572 2668 Quamquam
1600 2572 1739 2647 sancti·

301 2719 396 2793 tatis
423 2718 549 2810 laude,
578 2718 610 2792 si
638 2719 867 2814 Peregrinae
894 2719 1019 2794 verbis
1051 2717 1143 2792 fides
1172 2716 1389 2792 adhibenda
1417 2720 1487 2808 est,
1516 2740 1583 2814 per
1610 2720 1739 2793 totum

303 2863 490 2939 orientem
525 2863 691 2954 floreret,
728 2866 859 2938 tamen
892 2863 933 2936 in
961 2862 1149 2954 omnibus,
1188 2884 1288 2958 quae
1326 2861 1367 2934 in
1404 2884 1540 2936 manus
1576 2863 1738 2953 versavi,

301 3006 570 3103 hagiographis
589 3007 636 3082 de
655 3006 859 3080 Marthana
878 3005 1088 3080 diaconissa
1107 3006 1252 3078 frustra
1286 3003 1470 3100 quaesivi.
1492 3005 1582 3078 Eius
1601 3027 1739 3080 nomen

300 3150 462 3246 legimus
498 3152 655 3225 tantum
691 3152 947 3225 memoratum
986 3148 1179 3224 aBasilio
1218 3147 1393 3245 episcopo
1432 3145 1635 3242 Seleuciae,
1673 3150 1739 3245 qui

300 3292 426 3368 medio
453 3291 586 3366 floruit
616 3291 767 3366 saeculo
805 3292 952 3389 quinto.
981 3291 1018 3366 Is
1046 3290 1087 3364 in
1115 3289 1190 3366 line
1228 3290 1334 3366 vitae
1371 3293 1526 3365 sanctae
1564 3291 1736 3382 Theclae,

300 3459 420 3534 quum
460 3436 644 3532 quasdam
685 3436 1004 3532 praeclarissimas
1043 3435 1241 3528 foeminas,
1279 3457 1377 3531 quae
1414 3458 1443 3509 s.
1482 3434 1661 3509 Theclam
1697 3433 1736 3509 in

299 3581 533 3656 monasterio
569 3585 660 3656 sunt
697 3581 909 3658 virtutibus
946 3583 1225 3678 persequutae,
1263 3581 1536 3672 memorasset,
1574 3577 1736 3675 primam

299 3725 543 3800 Marthanam
579 3725 793 3818 recensivit,
831 3727 964 3821 postea
1001 3727 1171 3799 caeteras
1207 3723 1390 3819 quinque.
1426 3721 1482 3796 Ex
1510 3721 1582 3798 hoc
1608 3722 1737 3819 colligi

298 3871 437 3966 potest,
452 3868 695 3943 Marthanam
710 3871 755 3942 ut
767 3868 871 3943 illius
885 3867 1107 3942 monasterii
1121 3869 1336 3942 ascetarum
1353 3867 1551 3941 auctorem
1562 3864 1736 3940 habitam

298 4033 400 4088 esse:
429 4011 592 4108 quodsi
619 4035 696 4087 non
724 4015 853 4104 antea,
882 4011 1020 4086 saltem
1047 4010 1249 4086 Theodosii
1286 4009 1537 4107 temporibus,
1567 4009 1736 4086 evenisse

297 4180 376 4233 non
402 4155 595 4232 immerito
622 4157 858 4231 arbitramur
866 4147 891 4230 ³.

377 4299 479 4373 Illud
493 4299 622 4390 etiam,
639 4299 741 4396 quod
754 4300 801 4374 de
819 4299 1052 4395 Apotactitis
1067 4319 1178 4396 saepe
1198 4298 1343 4374 mentio
1362 4297 1403 4370 in
1423 4295 1737 4392 Peregrinatione

296 4444 400 4519 fecta
427 4443 478 4517 sit
490 4434 515 4534 ⁴,
545 4443 750 4539 quamdam
778 4444 888 4518 nobis
916 4467 1049 4518 ansam
1077 4443 1273 4519 statuendi
1292 4442 1476 4538 temporis
1503 4442 1673 4540 praebet.
1702 4443 1736 4516 Ii

296 4585 345 4660 ad
372 4583 681 4660 Manichaeorum
718 4589 861 4661 sectam
890 4585 1044 4676 addicti,
1082 4588 1152 4661 aut
1180 4585 1220 4659 in
1248 4607 1293 4660 ea
1320 4583 1510 4673 recensiti,
1547 4606 1587 4659 se
1624 4605 1736 4658 carne

296 4730 413 4824 atque
427 4727 517 4804 vino
537 4727 796 4821 abstinebant,
816 4751 1007 4803 summam
1021 4727 1253 4804 sustinentes
1275 4727 1453 4828 inediam,
1476 4727 1560 4802 Etsi
1588 4725 1736 4801 duobus

377 5023 387 5059 ¹
404 5025 453 5088 De
473 5026 524 5089 his
546 5026 701 5108 episcopis
721 5025 794 5088 vide
815 5027 861 5088 Le
883 5027 993 5100 Quaen
1016 5027 1125 5089 Oricos
1144 5025 1269 5104 Christ,
1291 5031 1323 5087 et
1343 5025 1567 5104 Bollandistas,
1588 5031 1620 5087 et
1641 5025 1735 5088 Tillo·

295 5130 383 5185 mont
403 5126 565 5188 Mauoircs
581 5147 668 5204 pour
689 5128 795 5186 l’Hict.
817 5128 902 5186 Eccl.
924 5126 961 5188 T.
981 5127 1038 5206 VI,
1059 5134 1095 5188 ut
1114 5127 1147 5187 in
1166 5124 1250 5188 notis
1270 5124 1437 5206 posuimus.

375 5225 528 5306 'Perage
549 5247 580 5306 p.
603 5227 650 5304 74,
671 5245 702 5287 n.
723 5227 752 5286 2.

199 5393 204 5402 ,
372 5321 507 5386 ³Ariani
538 5323 728 5384 monasteria
758 5321 896 5384 virorum
916 5329 948 5385 et
968 5324 1124 5403 virginum
1156 5328 1338 5386 everterunt
1360 5321 1403 5403 (S.
1425 5321 1539 5382 Athen.
1570 5321 1671 5402 Epist.
1694 5321 1734 5382 ad

294 5419 376 5482 solit.
398 5421 454 5483 vit.
475 5427 604 5501 agentes
627 5420 719 5500 Oper.
740 5421 767 5499 I,
788 5440 818 5499 p.
840 5421 909 5500 859,
926 5419 974 5483 ed.
989 5423 1089 5501 Paris,
1114 5421 1213 5502 lead:
1235 5440 1314 5498 quae
1328 5418 1501 5481 Theodosio
1517 5420 1590 5500 imp.
1602 5418 1733 5480 maxime

294 5517 508 5582 refloruerunt.

373 5617 1018 5697 ⁴fflmp½QQmmm
