4604 6560
576 609 615 676 78
1065 623 1092 670 s.
1117 623 1248 670 suumn
1270 622 1517 670 pannormiam

573 850 614 924 et
640 844 841 943 presbiteri
867 844 1001 920 sedent
1026 844 1120 920 locis
1146 844 1245 918 suis:
1274 843 1455 918 dicuntur
1481 843 1589 940 ymni
1616 843 1679 918 vel
1698 842 1946 937 antiphonae.
1966 841 2016 915 llt

574 971 624 1046 ad
642 969 775 1062 (finem)
790 969 857 1044 ubi
874 969 1048 1066 perducti
1065 969 1210 1044 fuerint
1223 968 1334 1042 iuxta
1347 968 1673 1058 consuetudinem,
1688 967 1795 1044 lebat
1813 989 1853 1042 se
1873 967 2014 1063 episco-

574 1117 656 1192 pus,
684 1098 725 1168 et
751 1096 833 1168 stat
860 1096 950 1169 ante
978 1093 1200 1183 cancellum,
1220 1092 1338 1168 idest
1365 1095 1456 1167 ante
1484 1093 1723 1188 speluncam:
1762 1094 1803 1168 et
1837 1113 1937 1164 unus
1971 1113 2014 1166 er

574 1217 796 1293 diaconibus
827 1216 921 1290 facit
953 1216 1354 1292 commemorationem
1385 1217 1636 1311 singulorum,
1670 1215 1769 1290 sicut
1802 1215 1900 1289 solet
1936 1235 2014 1288 esse

574 1337 809 1418 consuetudo
825 1332 849 1415 ¹.
878 1340 929 1414 Et
956 1340 1115 1416 diacono
1144 1341 1294 1416 dicente
1321 1341 1560 1436 singulorum
1588 1341 1755 1430 uomina,
1784 1362 1932 1436 semper
1959 1339 2013 1434 pi·

574 1457 702 1542 sinni²
721 1466 876 1562 plurimi
896 1468 1015 1557 stant,
1034 1467 1306 1564 respondentes
1325 1488 1489 1564 semper:
1509 1467 1629 1564 Kyrie
1649 1468 1815 1564 eleyson,
1836 1467 1938 1562 quod
1958 1465 2015 1538 di-

574 1593 694 1667 cimus
713 1613 801 1666 uos:
821 1593 999 1668 miserere
1018 1591 1204 1666 Domine:
1228 1613 1393 1688 quorum
1421 1613 1531 1667 voces
1559 1591 1732 1667 infinitae
1759 1594 1862 1665 sunt.
1891 1590 1942 1664 Et
1969 1592 2015 1663 ut

574 1715 642 1790 ubi
660 1714 841 1789 diaconus
858 1715 1068 1811 perdixerit
1087 1716 1227 1806 omnia,
1248 1737 1347 1811 quae
1367 1715 1491 1791 dicere
1517 1715 1647 1806 habet,
1677 1715 1777 1790 dicet
1802 1714 2015 1789 orationem

574 1838 741 1934 primum
760 1838 967 1934 episcopus,
988 1842 1029 1914 et
1046 1842 1134 1913 orat
1151 1862 1219 1935 pro
1243 1839 1442 1914 omnibus:
1471 1841 1511 1914 et
1539 1839 1591 1914 sic
1619 1841 1733 1913 orant
1759 1859 1903 1930 omnes,
1932 1841 2013 1910 tam

576 1962 719 2054 fideles,
738 1984 855 2057 quam
873 1966 914 2038 et
929 1964 1184 2039 cathecumini
1203 1963 1328 2038 simul.
1344 1963 1443 2038 Item
1464 1964 1595 2039 mittet
1613 1985 1746 2038 vocam
1760 1963 1954 2054 diaconus,
1970 1965 2015 2036 ut

576 2088 850 2185 unusquisque,
879 2087 1069 2184 quomodo
1098 2091 1189 2179 stat,
1218 2088 1506 2166 cathecuminos
1538 2088 1697 2163 inclinet
1728 2091 1865 2183 caput:
1895 2089 1936 2162 et
1962 2086 2014 2160 sic

577 2213 678 2288 dicet
705 2213 901 2309 episcopus
920 2214 1027 2286 stans
1047 2211 1351 2287 benedictionem
1378 2233 1491 2308 super
1519 2213 1815 2288 cathecuminos.
1843 2210 1942 2285 Item
1970 2209 2015 2283 fit

577 2338 714 2430 oratio,
743 2339 784 2412 et
810 2335 935 2412 denuo
963 2337 1097 2411 mittet
1124 2337 1304 2412 diaconus
1332 2359 1476 2431 vocem,
1506 2341 1546 2413 et
1573 2339 1800 2426 commonet,
1826 2338 1872 2408 ut
1899 2356 2014 2407 unus·

578 2463 737 2558 quisque
764 2463 870 2534 stans
898 2461 1066 2536 fidelium
1091 2462 1249 2536 inclinet
1276 2462 1403 2557 capita
1430 2483 1520 2535 sua:
1549 2461 1640 2535 item
1667 2459 1868 2536 benedicet
1885 2457 2014 2533 fideles

578 2588 785 2682 episcopus,
805 2588 846 2660 et
863 2586 917 2660 sic
936 2585 981 2659 fit
995 2577 1132 2660 missa³
1146 2585 1338 2660 Anastasi.
1354 2587 1406 2659 Et
1419 2585 1603 2681 incipient
1620 2585 1794 2680 episcopo
1814 2583 1862 2656 ad
1881 2605 2017 2658 manus

578 2709 755 2785 accedere
773 2709 925 2802 singuli.
945 2708 996 2781 Et
1014 2709 1257 2804 postmodum
1276 2709 1321 2782 de
1341 2708 1521 2782 Anastasi
1541 2730 1659 2803 usque
1682 2707 1731 2780 ad
1757 2707 1916 2782 Crucem
1934 2730 2018 2802 ym-

578 2854 651 2905 nus
670 2832 822 2922 dicitur,
842 2832 1036 2927 episcopus
1055 2833 1168 2941 simul
1196 2836 1236 2907 et
1261 2833 1382 2908 omnis
1401 2834 1564 2928 populus
1582 2832 1719 2907 vadet:
1742 2831 1808 2904 ubi
1826 2854 1913 2906 curn
1932 2853 2015 2926 per·

516 2969 551 3025 er
579 2959 718 3034 ventus
734 2956 863 3046 fuerit,
888 2958 1053 3051 primum
1083 2958 1175 3032 facit
1202 2957 1436 3030 orationem:
1462 2957 1585 3049 litem
1612 2955 1811 3031 benedicet
1838 2957 2016 3030 cathecu-

557 3103 730 3156 menos:
759 3082 853 3154 item
881 3082 927 3154 fit
954 3083 1030 3155 alia
1059 3083 1203 3156 oratio:
1232 3082 1325 3157 item
1354 3082 1551 3158 benedicet
1579 3081 1720 3156 fideles.
1753 3080 1804 3154 Et
1832 3080 2017 3175 posthoc

580 3207 703 3281 denuo
732 3208 815 3279 tam
842 3205 1036 3301 episcopus
1056 3231 1171 3302 quam
1191 3208 1313 3281 omnis
1341 3207 1457 3281 turba
1483 3207 1628 3283 vadent
1654 3206 1779 3281 denuo
1808 3208 1895 3302 post
1923 3203 2015 3279 Cru-

579 3353 681 3408 cem:
702 3308 743 3407 et
761 3331 815 3405 ibi
834 3331 958 3407 denuo
977 3333 1154 3409 similiter
1172 3332 1229 3424 fit,
1249 3333 1360 3408 sicuti
1380 3335 1422 3407 et
1445 3335 1536 3408 ante
1556 3331 1713 3408 Crucem
1725 3324 1751 3407 ⁴.
1772 3332 1822 3405 Et
1840 3331 2016 3406 similiter

661 3661 671 3699 ¹
694 3660 949 3723 Commemoratio
970 3668 1146 3723 sanctorum
1165 3662 1217 3726 vel
1237 3682 1342 3725 eorum
1356 3661 1579 3738 defunctorum,
1594 3681 1722 3739 quorum
1740 3658 1925 3723 decurrebat
1938 3659 2016 3737 dies,

579 3778 599 3819 a
619 3757 747 3820 diacono
767 3757 870 3837 fiebat,
890 3757 973 3821 unde
993 3758 1052 3821 hae
1073 3779 1181 3839 preces
1202 3760 1340 3821 fidelium
1360 3767 1393 3822 et
1413 3760 1587 3822 diaconicae
1609 3759 1711 3822 dictae
1732 3765 1815 3820 eunt.

659 3854 671 3891 ²
691 3854 824 3931 Pisinni,
846 3875 901 3916 eeu
920 3856 1052 3934 parvuli,
1073 3857 1282 3935 precationem
1302 3861 1400 3938 Kyrie
1420 3862 1532 3918 ctaicou
1552 3857 1767 3934 decantabant,
1790 3857 1878 3918 onius
1891 3855 1942 3918 hic
1954 3855 2017 3936 pri·

579 3971 663 4014 mum
683 3952 800 4014 mentio
819 3951 872 4013 fir:
893 3971 918 4013 a.
938 3954 1136 4032 Augustinus
1157 3974 1278 4033 quoque
1299 3973 1366 4016 earn
1386 3961 1536 4016 memorat
1556 3955 1589 4014 in
1611 3953 1702 4032 epist.
1722 3955 1788 4032 118,
1811 3973 1867 4034 seu
1881 3955 1914 4015 in
1928 3954 2018 4015 alter-

579 4050 700 4112 catione
721 4071 789 4112 cum
808 4050 975 4114 Pascentio
996 4051 1111 4113 ariano.
1132 4052 1171 4114 In
1191 4052 1404 4130 antiquissima
1429 4053 1558 4130 liturgia
1585 4073 1610 4113 s.
1637 4053 1754 4131 Iacobi,
1782 4072 1877 4133 saepe
1903 4051 2018 4130 legitur

581 4151 680 4228 Kpric
700 4152 812 4210 eleison
833 4169 852 4210 a
870 4151 984 4230 populo
1006 4153 1125 4211 exorari
1145 4156 1218 4229 poet
1237 4151 1463 4214 invocationem
1484 4149 1615 4211 diaconi.

659 4246 672 4282 ³
690 4245 740 4307 De
760 4246 857 4308 missa
876 4247 1055 4326 vespertina
1075 4247 1188 4326 agitur,
1209 4246 1296 4310 cuiue
1318 4267 1437 4309 sacrum
1456 4254 1529 4326 post
1548 4247 1655 4308 horam
1675 4245 1825 4308 decimam
1839 4253 1871 4307 et
1884 4245 2018 4307 officium

580 4343 739 4404 lueemare
761 4362 797 4404 eo
818 4349 958 4422 tempore
978 4343 1137 4420 agebatur.
1159 4343 1307 4405 Testatur
1327 4363 1353 4406 s.
1373 4345 1568 4421 Augustinus
1591 4344 1658 4424 (ep.
1680 4345 1739 4403 118
1753 4330 1801 4404 'ad
1820 4341 2016 4422 Ianuarium)

579 4439 612 4499 in
631 4437 739 4500 Africa
759 4440 837 4502 duas
856 4441 968 4502 missas
989 4440 1065 4515 fieri,
1086 4461 1179 4501 unam
1198 4461 1288 4502 mane
1309 4449 1342 4504 et
1362 4442 1491 4504 alteram
1511 4449 1601 4503 nocte
1623 4440 1674 4521 (cf.
1697 4441 1814 4503 Concil.
1834 4439 2017 4518 Agathense

579 4555 646 4615 cap.
667 4538 715 4614 30,
737 4543 770 4598 et
789 4537 1015 4600 Aurelianense
1033 4538 1096 4616 HI,
1118 4557 1183 4617 cap.
1205 4540 1268 4620 28).
1288 4540 1466 4617 Dubitatur,
1487 4547 1591 4600 utrum
1611 4540 1707 4600 missa
1726 4538 1904 4617 vespertina
1921 4537 2018 4599 fuerit

459 4685 464 4694 .
580 4634 698 4711 eadem,
717 4653 775 4696 nec
794 4654 843 4711 ne,
865 4655 942 4712 quae
962 4635 1298 4714 praesanctificatomm
1319 4637 1440 4714 dicitur,
1455 4636 1488 4696 id
1503 4638 1632 4698 estsine
1654 4636 1893 4698 consecratione.
1914 4636 2017 4698 Pere-

581 4729 671 4808 grina
689 4730 772 4792 inter
796 4732 979 4794 matutinam
999 4739 1032 4793 et
1050 4733 1261 4812 vespertinam
1280 4734 1396 4795 nullam
1415 4734 1532 4794 indicat
1553 4732 1769 4795 differentiam.

658 4827 672 4861 ⁴
692 4829 776 4888 Ante
798 4835 830 4890 et
849 4836 921 4908 post
942 4830 1080 4906 Crucem,
1101 4850 1212 4911 nempe
1233 4839 1305 4894 ante
1327 4839 1359 4894 et
1379 4839 1451 4911 post
1471 4831 1654 4911 cubiculum,
1677 4833 1708 4892 in
1730 4851 1790 4908 quo
1805 4851 1879 4892 crux
1891 4829 2017 4892 Domini

580 4922 770 4987 servabatur.
791 4924 822 4985 S.
843 4925 993 4987 Paulinus
1013 4926 1046 4986 in
1067 4927 1159 5006 epist.
1179 4927 1209 4990 V
1230 4928 1271 4989 ad
1290 4927 1454 4990 Severum:
1477 4928 1643 4990 «Probata
1663 4949 1736 4990 crux
1751 4928 1870 4990 Christi
1885 4933 1951 4990 est:
1971 4927 2017 4988 di·

580 5038 700 5098 guoque
720 5041 791 5082 mox
810 5024 927 5086 ambitu
946 5032 1152 5101 consecratur,
1174 5025 1299 5087 condita
1318 5025 1351 5086 in
1370 5025 1525 5105 passionis
1552 5026 1619 5087 loco
1647 5027 1791 5104 basilicap
1816 5046 1894 5105 quae
1916 5025 2018 5087 aureis

581 5135 707 5178 corusca
720 5117 916 5197 laquearibus
929 5130 961 5183 et
975 5122 1077 5183 aureis
1091 5122 1179 5184 dives
1193 5123 1343 5184 altaribus
1362 5142 1472 5185 arcano
1493 5123 1627 5201 positam
1649 5125 1783 5186 sacrario
1803 5143 1926 5186 crucem
1946 5142 2018 5186 ser-

580 5219 673 5276 vat».
693 5215 889 5280 Breviorium
914 5221 954 5281 de
980 5220 1199 5300 Hierosolyma
1228 5221 1333 5283 initio:
1367 5221 1434 5281 ‹In
1457 5220 1594 5312 'introitu
1619 5222 1767 5286 basilicae
1791 5222 1891 5302 ipsius
1916 5221 2017 5303 (Con-

580 5311 724 5394 stantini)
745 5314 785 5376 ed
805 5316 961 5378 sinistram
980 5325 1101 5397 partem
1121 5325 1171 5380 est
1191 5319 1371 5396 cubiculum,
1391 5318 1446 5380 ubi
1466 5337 1540 5379 crux
1559 5317 1686 5380 Domini
1700 5321 1803 5400 posita
1816 5327 1904 5382 est».
1919 5319 2016 5380 Theo

581 5405 690 5470 dusius
710 5408 750 5472 de
769 5409 866 5476 Terra
885 5420 993 5477 sancta
1013 5413 1096 5496 (ciro.
1108 5434 1135 5476 a.
1150 5415 1238 5497 beo):
1253 5438 1271 5474 a
1283 5417 1325 5480 Et
1337 5415 1370 5479 in
1383 5415 1514 5480 circuitu
1534 5413 1649 5476 montis
1671 5423 1744 5480 sunt
1763 5417 1891 5480 cancelli
1912 5413 1952 5477 de
1972 5433 2016 5476 ar.
