4622 6572
560 529 582 594 6
1187 555 1214 600 s.
1240 553 1368 598 urnnnrr

559 777 676 868 ditur,
705 795 827 871 neque
854 777 960 848 terra
987 773 1027 846 in
1055 773 1218 846 formam
1246 772 1484 866 describitur,
1505 797 1628 870 neque
1645 775 1716 851 Dei
1744 777 1995 873 inspiratione

558 904 598 976 in
627 902 793 976 animam
822 901 1017 976 viventem
1046 899 1223 972 materies
1252 899 1291 971 in
1329 899 1465 972 animis
1503 906 1784 978 commovetur:
1805 904 1889 978 ‘sed
1921 904 1996 980 ossi

559 1049 645 1102 caro
674 1025 868 1115 adcrescit,
897 1028 938 1099 et
966 1022 1276 1119 semiperfectio
1304 1025 1470 1119 corporis
1503 1025 1629 1118 datur,
1660 1031 1699 1101 et
1726 1027 1997 1122 perfectionem

559 1153 724 1248 eorporis
751 1153 860 1245 vigor
887 1149 1096 1246 spiritualis
1116 1149 1343 1243 ihsequitur.
1373 1149 1484 1225 Hunc
1510 1152 1796 1226 resurrectionis
1826 1153 1997 1227 ordinem

558 1299 625 1372 per
643 1275 876 1350 Ezechielem
896 1274 998 1348 Deus
1018 1269 1170 1347 locutus
1189 1277 1248 1347 est
1267 1272 1417 1363 docens,
1433 1275 1472 1346 in
1491 1274 1549 1347 his
1569 1297 1667 1370 quae
1685 1275 1852 1370 gerenda
1874 1280 1997 1366 erant,

512 1401 715 1478 4111111116
756 1422 848 1475 suae
889 1402 1133 1494 potestatem.
1166 1399 1250 1474 Illic
1283 1399 1288 1491 Ι
1323 1400 1424 1473 enim
1458 1401 1587 1473 omnia
1622 1403 1875 1476 concurrunt:
1913 1425 2000 1476 caro

559 1526 678 1617 adest,
708 1525 863 1622 spiritus
890 1524 1058 1612 advolat,
1083 1525 1162 1598 Deo
1191 1524 1442 1619 exoperibus
1471 1524 1548 1599 suis
1577 1517 1717 1599 ...1...6Ι
1753 1525 1921 1622 deperit:
1951 1527 2001 1600 ad

559 1651 801 1725 efficientiam
829 1649 995 1744 corporis
1014 1648 1085 1738 sui,
1106 1670 1163 1739 ea,
1184 1670 1282 1742 quae
1301 1670 1378 1721 non
1398 1651 1520 1738 eraut,
1541 1649 1759 1723 adfuerunt.
1780 1649 1850 1722 Est
1869 1653 2000 1724 autem

559 1779 840 1852 sacramentum
867 1775 938 1849 hoc
966 1773 1173 1849 secundum
1193 1765 1452 1869 apostolum²z
1473 1777 1489 1810 ⁴¹
1504 1773 1563 1847 Ab
1592 1777 1723 1849 sancto
1751 1799 1848 1866 sum,
1878 1798 2001 1852 asae-

559 1902 653 1977 culis
672 1901 713 1974 in
736 1900 898 1973 Domino
918 1920 998 1973 esse
1017 1901 1150 1994 gentes
1170 1898 1390 1986 coheredes:
1412 1901 1452 1974 et
1470 1901 1682 1996 corporales
1702 1904 1742 1976 et
1760 1901 2000 1997 compartici-

559 2050 624 2123 pes
642 2025 929 2122 pollicitationis
949 2025 1030 2100 eius
1049 2025 1090 2097 in
1109 2023 1258 2097 Christo
1279 2046 1319 2110 „t
1340 2025 1406 2118 qui
1424 2026 1559 2119 potens
1579 2026 1630 2100 sit
1657 2027 1865 2100 seeundum
1893 2049 2000 2102 eum·

560 2153 646 2228 dem
665 2153 881 2248 apostolum
896 2150 1088 2224 conforme
1107 2149 1251 2222 efficere
1267 2170 1401 2244 eorpus
1416 2149 1648 2224 humilitatis
1666 2155 1821 2226 nostrae
1835 2154 2003 2247 corporis

559 2277 705 2374 gloriae
723 2298 826 2351 suae.
847 2274 1029 2370 Agnoscit
1048 2296 1137 2370 ergo
1157 2277 1244 2368 post
1268 2297 1444 2348 somnum
1471 2275 1657 2369 passionis
1686 2297 1790 2362 suae,
1820 2267 2004 2351 coelesti³

559 2403 684 2478 Adam
701 2402 935 2496 resurgente,
956 2400 1112 2474 ecclesia
1131 2421 1244 2473 suum
1265 2421 1317 2490 66,
1347 2423 1456 2474 suam
1476 2423 1628 2476 carnem
1647 2403 1821 2474 uoniam
1842 2423 1887 2476 ex
1907 2401 2001 2476 limo

559 2533 740 2620 creatam,
768 2548 891 2624 neque
920 2547 967 2600 ex
986 2526 1234 2622 inspiratione
1262 2530 1482 2623 vegetatam
1511 2527 1575 2601 sed
1603 2526 1883 2602 adcrescentem
1914 2527 2001 2619 ossi,

560 2659 600 2731 61
627 2657 667 2730 in
695 2675 831 2748 corpus
858 2675 904 2726 ex
923 2673 1078 2746 corpore
1097 2651 1233 2746 spiritu
1253 2651 1459 2727 advolante
1478 2652 1696 2748 perfectam.
1727 2651 1798 2738 Qui
1827 2653 1933 2728 enim
1962 2654 2003 2725 in

561 2780 711 2855 Christo
739 2781 843 2869 sunt,
864 2776 1073 2852 secundum
1093 2777 1286 2850 Christum
1306 2780 1517 2874 resurgent,
1538 2778 1578 2850 in
1598 2801 1673 2873 quo
1693 2779 1770 2852 iam
1798 2779 2004 2854 universae

560 2903 685 2978 carnis
713 2902 978 2978 consummata
1006 2904 1064 2974 est
1082 2902 1332 2975 resurrectio:
1353 2902 1434 2995 ipso
1459 2901 1524 2975 illo
1553 2901 1593 2974 in
1621 2924 1733 2977 carne
1753 2906 1885 2977 nostra
1914 2923 2004 2976 cum

560 3028 642 3120 Dei,
670 3028 712 3102 in
740 3049 817 3123 qua
836 3029 926 3100 ante
946 3027 1097 3100 saecula
1116 3028 1267 3122 genitus
1288 3029 1439 3121 epatre
1463 3030 1534 3118 est,
1554 3027 1701 3101 virtute
1729 3031 1923 3102 nascente.
1954 3027 2006 3100 Et

561 3155 651 3248 quia
679 3152 838 3227 iudaeus
867 3155 908 3225 et
934 3173 1103 3247 graecus
1123 3153 1308 3226 barbarus
1327 3155 1367 3227 61
1386 3153 1532 3250 66115116,
1553 3175 1686 3228 servus
1714 3155 1754 3227 et
1781 3147 1887 3244 liber,
1917 3175 2002 3226 ma·

561 3280 688 3354 sculus
716 3282 756 3354 61
784 3277 962 3367 foemina,
992 3299 1121 3351 omnes
1150 3277 1190 3349 in
1209 3275 1359 3352 Christo
1383 3302 1504 3351 unum
1532 3280 1635 3366 sunt,
1665 3301 1750 3352 cum
1778 3299 1866 3352 6616
1895 3299 2002 3351 reco-

561 3409 670 3502 gnita
698 3427 744 3480 ex
772 3425 885 3479 carne
913 3403 976 3494 611,
1005 3406 1045 3477 61
1073 3403 1229 3478 66616616
1257 3403 1398 3477 Christi
1426 3426 1560 3499 corpus
1588 3403 1658 3492 sit;
1688 3407 1727 3478 et
1755 3403 1998 3500 mysterium,

562 3531 662 3627 quod
689 3529 730 3604 in
758 3529 883 3604 Adam
906 3532 1024 3624 atque
1043 3528 1163 3604 Evam
1182 3531 1251 3620 est,
1272 3530 1311 3602 in
1332 3528 1525 3603 Christum
1542 3531 1582 3603 et
1606 3529 1647 3600 in
1666 3528 1862 3607 ecclesiam
1890 3551 2003 3624 prae·

564 3657 735 3730 dicatur:
764 3654 976 3751 perfectum
997 3654 1074 3728 iam
1093 3656 1162 3728 sub
1183 3653 1306 3728 Adam
1326 3657 1444 3750 atque
1463 3654 1583 3728 Evam
1609 3654 1649 3726 in
1678 3653 1833 3727 exordio
1861 3653 2007 3727 saeculi

564 3782 633 3870 est,
654 3778 839 3875 quidquid
866 3778 907 3851 in
934 3779 1301 3853 consummationem
1326 3781 1542 3873 temporum
1570 3799 1637 3872 per
1665 3776 1858 3850 Christum
1887 3776 2008 3850 eccle-

564 3904 642 3978 siae
670 3904 932 3998 praeparatur.

644 4029 866 4124 Sequuntur
892 4027 1055 4123 primam
1083 4027 1224 4102 Christi
1247 4032 1287 4103 et
1306 4027 1483 4102 ecclesiae
1503 4025 1865 4124 praefigurationem
1893 4033 2006 4123 gesta

565 4155 671 4252 Cayn
685 4157 725 4229 et
743 4154 853 4246 Abel,
869 4152 989 4226 duum
1007 4153 1047 4225 in
1066 4175 1106 4226 se
1121 4153 1348 4249 populorum
1366 4153 1709 4247 praeformantium
1725 4153 2004 4245 diversitatem,

564 4280 729 4376 ipsisque
756 4283 796 4354 61
823 4279 1041 4355 nominibus
1060 4282 1100 4353 et
1119 4277 1247 4352 officiis
1268 4299 1391 4352 mores
1411 4280 1450 4351 et
1469 4277 1597 4352 studia
1623 4278 1821 4374 utriusque
1850 4281 2004 4374 signan-

564 4406 675 4479 tium.
705 4403 811 4502 Cayn
838 4406 940 4479 enim
970 4407 1054 4478 erat
1090 4405 1232 4478 terram
1262 4403 1409 4493 colens,
1439 4406 1479 4477 et
1506 4401 1602 4475 Abel
1630 4424 1720 4475 oves
1747 4425 1926 4497 pascens:
1958 4425 2006 4478 ex

565 4530 753 4604 fructibus
773 4532 905 4604 autem
919 4529 998 4602 suis
1013 4530 1271 4625 unusquisque
1291 4527 1465 4623 mysterii
1480 4527 1559 4602 Deo
1575 4549 1714 4600 munus
1729 4527 1914 4601 exhibuit.
1932 4527 2006 4602 Sed

565 4656 818 4752 inspiciuntur
845 4676 1006 4728 munera
1034 4653 1141 4744 Abel,
1172 4653 1277 4750 Cayn
1305 4655 1437 4726 autem
1464 4674 1542 4725 nou
1569 4651 1768 4740 videntur;
1798 4674 1933 4727 verum
1961 4657 2003 4726 61

566 4781 645 4855 dies
672 4780 900 4854 indiscretus
927 4779 1100 4854 sacrificii
1128 4781 1168 4853 et
1204 4780 1310 4852 locus
1337 4781 1416 4852 est:
1446 4780 1485 4852 et
1523 4777 1601 4851 Deo
1639 4777 1766 4854 omnia
1803 4779 2005 4851 contuenti

567 4905 756 5000 quomodo
785 4907 855 4977 aut
882 4903 1021 4979 hocin
1049 4907 1250 4999 conspectu
1270 4905 1340 4994 661,
1362 4905 1431 4974 aut
1458 4903 1567 4976 illum
1596 4904 1705 4977 extra
1734 4903 2004 4997 conspectuml

568 5029 639 5104 Sed
668 5052 734 5125 per
761 5030 859 5104 hanc
886 5029 1202 5125 significationem
1230 5027 1389 5102 docetur
1407 5025 1478 5100 Dei
1502 5029 1746 5120 conspectum
1773 5025 2007 5122 placitarum

650 5316 658 5348 ¹
674 5312 740 5370 suis
753 5309 807 5372 vix
819 5307 943 5386 legitur,
959 5307 1043 5369 etde
1058 5327 1088 5369 v.
1110 5309 1249 5386 sequenti
1270 5307 1394 5370 litteme
1414 5306 1638 5369 incertissimae
1652 5310 1771 5367 tantum
1785 5310 1952 5384 supersunt
1967 5339 2007 5352 -

569 5405 682 5467 ’Paul
703 5405 743 5467 sd
763 5405 879 5486 Ephes.
899 5405 960 5484 HI,
982 5407 1000 5466 6
1023 5441 1062 5451 -
1083 5405 1263 5468 ³coelestis.
