<?xml version="1.0" encoding="UTF-8"?>
<!DOCTYPE html PUBLIC "-//W3C//DTD XHTML 1.0 Transitional//EN"
    "http://www.w3.org/TR/xhtml1/DTD/xhtml1-transitional.dtd">
<html xmlns="http://www.w3.org/1999/xhtml" xml:lang="en" lang="en">
 <head>
  <title>
</title>
<meta http-equiv="Content-Type" content="text/html;charset=utf-8" />
  <meta name='ocr-system' content='tesseract 3.04.00' />
  <meta name='ocr-capabilities' content='ocr_page ocr_carea ocr_par ocr_line ocrx_word'/>
</head>
<body>
  <div class='ocr_page' id='page_1' title='image "./shilariitractat00petrgoog_0175.png"; bbox 0 0 4604 6560; ppageno 0'>
   <div class='ocr_carea' id='block_1_1' title="bbox 836 736 1715 822">
    <p class='ocr_par' dir='ltr' id='par_1_1' title="bbox 836 736 1715 822">
     <span class='ocr_line' id='line_1_1' title="bbox 836 736 1715 822; baseline 0.002 -4"><span class='ocrx_word' id='word_1_1' title='bbox 836 773 880 818; x_wconf 84' lang='lat' dir='ltr'><strong>ns</strong></span> <span class='ocrx_word' id='word_1_2' title='bbox 905 773 999 821; x_wconf 75' lang='lat' dir='ltr'><strong>uocis</strong></span> <span class='ocrx_word' id='word_1_3' title='bbox 1022 773 1158 822; x_wconf 78' lang='lat' dir='ltr'><strong>aaronis</strong></span> <span class='ocrx_word' id='word_1_4' title='bbox 1651 736 1715 820; x_wconf 76' lang='lat'><strong>133</strong></span> 
     </span>
    </p>
   </div>
   <div class='ocr_carea' id='block_1_2' title="bbox 193 981 1811 2463">
    <p class='ocr_par' dir='ltr' id='par_1_2' title="bbox 193 981 1811 2463">
     <span class='ocr_line' id='line_1_2' title="bbox 193 981 1711 1090; baseline 0.003 -28"><span class='ocrx_word' id='word_1_5' title='bbox 193 981 196 986; x_wconf 74' lang='grc'>’</span> <span class='ocrx_word' id='word_1_6' title='bbox 278 987 415 1064; x_wconf 90' lang='lat' dir='ltr'><strong>luncae</strong></span> <span class='ocrx_word' id='word_1_7' title='bbox 440 990 705 1083; x_wconf 81' lang='lat' dir='ltr'><strong>lucidissimae,</strong></span> <span class='ocrx_word' id='word_1_8' title='bbox 729 993 770 1066; x_wconf 92' lang='lat' dir='ltr'><strong>in</strong></span> <span class='ocrx_word' id='word_1_9' title='bbox 788 1015 952 1090; x_wconf 89' lang='lat' dir='ltr'><strong>quarum</strong></span> <span class='ocrx_word' id='word_1_10' title='bbox 971 1017 1048 1068; x_wconf 89' lang='lat' dir='ltr'><strong>una</strong></span> <span class='ocrx_word' id='word_1_11' title='bbox 1067 993 1278 1070; x_wconf 78' lang='lat' dir='ltr'><strong>absconditi</strong></span> <span class='ocrx_word' id='word_1_12' title='bbox 1296 996 1387 1068; x_wconf 91' lang='lat' dir='ltr'><strong>sunt</strong></span> <span class='ocrx_word' id='word_1_13' title='bbox 1405 991 1612 1090; x_wconf 90' lang='lat' dir='ltr'><strong>prophetae</strong></span> <span class='ocrx_word' id='word_1_14' title='bbox 1640 991 1711 1067; x_wconf 90' lang='lat' dir='ltr'><strong>sub</strong></span> 
     </span>
     <span class='ocr_line' id='line_1_3' title="bbox 279 1111 1713 1214; baseline 0.005 -27"><span class='ocrx_word' id='word_1_15' title='bbox 279 1112 440 1206; x_wconf 89' lang='lat' dir='ltr'><strong>Iezabel,</strong></span> <span class='ocrx_word' id='word_1_16' title='bbox 458 1114 500 1190; x_wconf 93' lang='lat' dir='ltr'><strong>in</strong></span> <span class='ocrx_word' id='word_1_17' title='bbox 517 1117 641 1193; x_wconf 87' lang='lat' dir='ltr'><strong>altera</strong></span> <span class='ocrx_word' id='word_1_18' title='bbox 663 1121 795 1193; x_wconf 90' lang='lat' dir='ltr'><strong>autem</strong></span> <span class='ocrx_word' id='word_1_19' title='bbox 812 1119 911 1194; x_wconf 90' lang='lat' dir='ltr'><strong>sedit</strong></span> <span class='ocrx_word' id='word_1_20' title='bbox 928 1123 1082 1194; x_wconf 87' lang='lat' dir='ltr'><strong>sanctus</strong></span> <span class='ocrx_word' id='word_1_21' title='bbox 1100 1118 1202 1194; x_wconf 89' lang='lat' dir='ltr'><strong>Elias</strong></span> <span class='ocrx_word' id='word_1_22' title='bbox 1218 1111 1243 1193; x_wconf 79' lang='lat'><strong>¹.</strong></span> <span class='ocrx_word' id='word_1_23' title='bbox 1264 1117 1427 1193; x_wconf 85' lang='lat' dir='ltr'><strong>Miliario</strong></span> <span class='ocrx_word' id='word_1_24' title='bbox 1447 1121 1579 1193; x_wconf 90' lang='lat' dir='ltr'><strong>autem</strong></span> <span class='ocrx_word' id='word_1_25' title='bbox 1607 1117 1713 1214; x_wconf 80' lang='lat' dir='ltr'><strong>vige-</strong></span> 
     </span>
     <span class='ocr_line' id='line_1_4' title="bbox 276 1233 1711 1342; baseline 0.006 -31"><span class='ocrx_word' id='word_1_26' title='bbox 276 1237 375 1313; x_wconf 90' lang='lat' dir='ltr'><strong>simo</strong></span> <span class='ocrx_word' id='word_1_27' title='bbox 402 1263 426 1314; x_wconf 89' lang='lat' dir='ltr'><strong>a</strong></span> <span class='ocrx_word' id='word_1_28' title='bbox 453 1233 642 1338; x_wconf 80' lang='lat' dir='ltr'><strong>Sychem²</strong></span> <span class='ocrx_word' id='word_1_29' title='bbox 669 1246 729 1318; x_wconf 88' lang='lat' dir='ltr'><strong>est</strong></span> <span class='ocrx_word' id='word_1_30' title='bbox 754 1244 942 1340; x_wconf 92' lang='lat' dir='ltr'><strong>templum</strong></span> <span class='ocrx_word' id='word_1_31' title='bbox 960 1243 1199 1320; x_wconf 88' lang='lat' dir='ltr'><strong>destructum</strong></span> <span class='ocrx_word' id='word_1_32' title='bbox 1217 1243 1258 1317; x_wconf 92' lang='lat' dir='ltr'><strong>in</strong></span> <span class='ocrx_word' id='word_1_33' title='bbox 1277 1243 1380 1342; x_wconf 83' lang='lat' dir='ltr'><strong>Sylo,</strong></span> <span class='ocrx_word' id='word_1_34' title='bbox 1403 1242 1471 1318; x_wconf 92' lang='lat' dir='ltr'><strong>ubi</strong></span> <span class='ocrx_word' id='word_1_35' title='bbox 1499 1247 1560 1317; x_wconf 90' lang='lat' dir='ltr'><strong>est</strong></span> <span class='ocrx_word' id='word_1_36' title='bbox 1585 1245 1626 1318; x_wconf 89' lang='lat' dir='ltr'><strong>et</strong></span> <span class='ocrx_word' id='word_1_37' title='bbox 1653 1265 1711 1319; x_wconf 88' lang='lat' dir='ltr'><strong>sa·</strong></span> 
     </span>
     <span class='ocr_line' id='line_1_5' title="bbox 276 1337 1811 1460; baseline 0.006 -28"><span class='ocrx_word' id='word_1_38' title='bbox 276 1363 480 1457; x_wconf 87' lang='lat' dir='ltr'><strong>pulchrum</strong></span> <span class='ocrx_word' id='word_1_39' title='bbox 506 1365 594 1440; x_wconf 91' lang='lat' dir='ltr'><strong>Heli</strong></span> <span class='ocrx_word' id='word_1_40' title='bbox 630 1366 848 1443; x_wconf 88' lang='lat' dir='ltr'><strong>sacerdotis.</strong></span> <span class='ocrx_word' id='word_1_41' title='bbox 885 1367 931 1441; x_wconf 91' lang='lat' dir='ltr'><strong>In</strong></span> <span class='ocrx_word' id='word_1_42' title='bbox 959 1369 1096 1444; x_wconf 91' lang='lat' dir='ltr'><strong>Betbel</strong></span> <span class='ocrx_word' id='word_1_43' title='bbox 1133 1346 1277 1460; x_wconf 82' lang='lat' dir='ltr'><strong>autem,</strong></span> <span class='ocrx_word' id='word_1_44' title='bbox 1305 1369 1370 1442; x_wconf 91' lang='lat' dir='ltr'><strong>ubi</strong></span> <span class='ocrx_word' id='word_1_45' title='bbox 1409 1370 1628 1444; x_wconf 87' lang='lat' dir='ltr'><strong>constructa</strong></span> <span class='ocrx_word' id='word_1_46' title='bbox 1655 1369 1714 1442; x_wconf 89' lang='lat' dir='ltr'><strong>est</strong></span> <span class='ocrx_word' id='word_1_47' title='bbox 1807 1337 1811 1421; x_wconf 68' lang='grc'><strong>1</strong></span> 
     </span>
     <span class='ocr_line' id='line_1_6' title="bbox 278 1488 1713 1592; baseline 0.004 -30"><span class='ocrx_word' id='word_1_48' title='bbox 278 1488 436 1564; x_wconf 88' lang='lat' dir='ltr'><strong>ccclesia</strong></span> <span class='ocrx_word' id='word_1_49' title='bbox 462 1489 504 1563; x_wconf 93' lang='lat' dir='ltr'><strong>in</strong></span> <span class='ocrx_word' id='word_1_50' title='bbox 529 1512 574 1566; x_wconf 94' lang='lat' dir='ltr'><strong>eo</strong></span> <span class='ocrx_word' id='word_1_51' title='bbox 601 1491 696 1584; x_wconf 93' lang='lat' dir='ltr'><strong>loco,</strong></span> <span class='ocrx_word' id='word_1_52' title='bbox 725 1492 792 1566; x_wconf 93' lang='lat' dir='ltr'><strong>ubi</strong></span> <span class='ocrx_word' id='word_1_53' title='bbox 812 1492 943 1592; x_wconf 81' lang='grc' dir='ltr'><strong>Ι10001),</strong></span> <span class='ocrx_word' id='word_1_54' title='bbox 972 1493 1064 1568; x_wconf 93' lang='lat' dir='ltr'><strong>dum</strong></span> <span class='ocrx_word' id='word_1_55' title='bbox 1093 1495 1166 1568; x_wconf 89' lang='lat' dir='ltr'><strong>iret</strong></span> <span class='ocrx_word' id='word_1_56' title='bbox 1193 1494 1234 1568; x_wconf 91' lang='lat' dir='ltr'><strong>in</strong></span> <span class='ocrx_word' id='word_1_57' title='bbox 1261 1493 1587 1592; x_wconf 86' lang='lat' dir='ltr'><strong>Mesopotamiam,</strong></span> <span class='ocrx_word' id='word_1_58' title='bbox 1613 1493 1713 1568; x_wconf 90' lang='lat' dir='ltr'><strong>vidit</strong></span> 
     </span>
     <span class='ocr_line' id='line_1_7' title="bbox 279 1615 1713 1719; baseline 0.003 -29"><span class='ocrx_word' id='word_1_59' title='bbox 279 1615 420 1690; x_wconf 88' lang='lat' dir='ltr'><strong>scalam</strong></span> <span class='ocrx_word' id='word_1_60' title='bbox 446 1615 486 1690; x_wconf 91' lang='lat' dir='ltr'><strong>in</strong></span> <span class='ocrx_word' id='word_1_61' title='bbox 513 1617 661 1694; x_wconf 90' lang='lat' dir='ltr'><strong>coelum</strong></span> <span class='ocrx_word' id='word_1_62' title='bbox 689 1639 808 1716; x_wconf 89' lang='lat' dir='ltr'><strong>usque</strong></span> <span class='ocrx_word' id='word_1_63' title='bbox 836 1619 1069 1695; x_wconf 89' lang='lat' dir='ltr'><strong>tendentem.</strong></span> <span class='ocrx_word' id='word_1_64' title='bbox 1089 1619 1149 1694; x_wconf 92' lang='lat' dir='ltr'><strong>Ibi</strong></span> <span class='ocrx_word' id='word_1_65' title='bbox 1168 1622 1228 1696; x_wconf 93' lang='lat' dir='ltr'><strong>est</strong></span> <span class='ocrx_word' id='word_1_66' title='bbox 1253 1619 1371 1696; x_wconf 90' lang='lat' dir='ltr'><strong>etiam</strong></span> <span class='ocrx_word' id='word_1_67' title='bbox 1399 1625 1440 1696; x_wconf 88' lang='lat' dir='ltr'><strong>et</strong></span> <span class='ocrx_word' id='word_1_68' title='bbox 1467 1621 1713 1719; x_wconf 79' lang='lat' dir='ltr'><strong>sepulchrum</strong></span> 
     </span>
     <span class='ocr_line' id='line_1_8' title="bbox 275 1739 1710 1839; baseline 0.006 -27"><span class='ocrx_word' id='word_1_69' title='bbox 275 1740 497 1836; x_wconf 90' lang='lat' dir='ltr'><strong>prophetae,</strong></span> <span class='ocrx_word' id='word_1_70' title='bbox 525 1741 592 1837; x_wconf 92' lang='lat' dir='ltr'><strong>qui</strong></span> <span class='ocrx_word' id='word_1_71' title='bbox 618 1742 864 1839; x_wconf 75' lang='lat' dir='ltr'><strong>prophetavit</strong></span> <span class='ocrx_word' id='word_1_72' title='bbox 881 1743 1062 1819; x_wconf 90' lang='lat' dir='ltr'><strong>adversus</strong></span> <span class='ocrx_word' id='word_1_73' title='bbox 1090 1744 1316 1820; x_wconf 88' lang='lat' dir='ltr'><strong>leroboham</strong></span> <span class='ocrx_word' id='word_1_74' title='bbox 1329 1739 1355 1819; x_wconf 81' lang='lat'><strong>⁸.</strong></span> <span class='ocrx_word' id='word_1_75' title='bbox 1384 1745 1549 1820; x_wconf 81' lang='lat' dir='ltr'><strong>Miliaria</strong></span> <span class='ocrx_word' id='word_1_76' title='bbox 1577 1748 1710 1822; x_wconf 86' lang='lat' dir='ltr'><strong>autem</strong></span> 
     </span>
     <span class='ocr_line' id='line_1_9' title="bbox 278 1863 1792 1960; baseline 0.007 -22"><span class='ocrx_word' id='word_1_77' title='bbox 278 1863 460 1960; x_wconf 83' lang='lat' dir='ltr'><strong>vigesimo</strong></span> <span class='ocrx_word' id='word_1_78' title='bbox 488 1866 652 1942; x_wconf 91' lang='lat' dir='ltr'><strong>secundo</strong></span> <span class='ocrx_word' id='word_1_79' title='bbox 670 1867 719 1941; x_wconf 90' lang='lat' dir='ltr'><strong>ab</strong></span> <span class='ocrx_word' id='word_1_80' title='bbox 738 1867 973 1943; x_wconf 87' lang='lat' dir='ltr'><strong>Ierusolimis</strong></span> <span class='ocrx_word' id='word_1_81' title='bbox 991 1870 1092 1944; x_wconf 90' lang='lat' dir='ltr'><strong>inter</strong></span> <span class='ocrx_word' id='word_1_82' title='bbox 1111 1868 1299 1945; x_wconf 86' lang='lat' dir='ltr'><strong>Sochcbot</strong></span> <span class='ocrx_word' id='word_1_83' title='bbox 1316 1869 1436 1945; x_wconf 86' lang='lat' dir='ltr'><strong>Iudae</strong></span> <span class='ocrx_word' id='word_1_84' title='bbox 1464 1873 1504 1945; x_wconf 91' lang='lat' dir='ltr'><strong>et</strong></span> <span class='ocrx_word' id='word_1_85' title='bbox 1522 1871 1625 1946; x_wconf 89' lang='lat' dir='ltr'><strong>inter</strong></span> <span class='ocrx_word' id='word_1_86' title='bbox 1643 1870 1710 1948; x_wconf 89' lang='lat' dir='ltr'><strong>Ze·</strong></span> <span class='ocrx_word' id='word_1_87' title='bbox 1788 1865 1792 1874; x_wconf 79' lang='grc'><strong>’</strong></span> 
     </span>
     <span class='ocr_line' id='line_1_10' title="bbox 277 1985 1710 2091; baseline 0.003 -28"><span class='ocrx_word' id='word_1_88' title='bbox 277 1986 392 2063; x_wconf 88' lang='lat' dir='ltr'><strong>chara</strong></span> <span class='ocrx_word' id='word_1_89' title='bbox 418 1987 545 2064; x_wconf 86' lang='lat' dir='ltr'><strong>Mahel</strong></span> <span class='ocrx_word' id='word_1_90' title='bbox 572 1989 708 2065; x_wconf 87' lang='lat' dir='ltr'><strong>occidit</strong></span> <span class='ocrx_word' id='word_1_91' title='bbox 725 1989 844 2066; x_wconf 88' lang='lat' dir='ltr'><strong>Davit</strong></span> <span class='ocrx_word' id='word_1_92' title='bbox 863 1991 1012 2068; x_wconf 84' lang='lat' dir='ltr'><strong>Goliam</strong></span> <span class='ocrx_word' id='word_1_93' title='bbox 1030 1991 1270 2089; x_wconf 87' lang='lat' dir='ltr'><strong>Phylisteum</strong></span> <span class='ocrx_word' id='word_1_94' title='bbox 1284 1992 1309 2067; x_wconf 81' lang='lat'><strong>⁴.</strong></span> <span class='ocrx_word' id='word_1_95' title='bbox 1329 1992 1374 2067; x_wconf 92' lang='lat' dir='ltr'><strong>In</strong></span> <span class='ocrx_word' id='word_1_96' title='bbox 1394 1985 1710 2091; x_wconf 85' lang='lat' dir='ltr'><strong>Eleutheropoli⁵</strong></span> 
     </span>
     <span class='ocr_line' id='line_1_11' title="bbox 278 2113 1710 2216; baseline 0.004 -30"><span class='ocrx_word' id='word_1_97' title='bbox 278 2117 408 2189; x_wconf 89' lang='lat' dir='ltr'><strong>autem</strong></span> <span class='ocrx_word' id='word_1_98' title='bbox 422 2114 504 2189; x_wconf 92' lang='lat' dir='ltr'><strong>loco</strong></span> <span class='ocrx_word' id='word_1_99' title='bbox 518 2113 708 2212; x_wconf 78' lang='lat' dir='ltr'><strong>Bycoyca,</strong></span> <span class='ocrx_word' id='word_1_100' title='bbox 724 2116 763 2192; x_wconf 92' lang='lat' dir='ltr'><strong>in</strong></span> <span class='ocrx_word' id='word_1_101' title='bbox 783 2140 859 2214; x_wconf 90' lang='lat' dir='ltr'><strong>qua</strong></span> <span class='ocrx_word' id='word_1_102' title='bbox 878 2121 937 2194; x_wconf 87' lang='lat' dir='ltr'><strong>est</strong></span> <span class='ocrx_word' id='word_1_103' title='bbox 955 2118 1196 2216; x_wconf 87' lang='lat' dir='ltr'><strong>sepulchrum</strong></span> <span class='ocrx_word' id='word_1_104' title='bbox 1215 2118 1394 2194; x_wconf 81' lang='lat' dir='ltr'><strong>Abbacuc</strong></span> <span class='ocrx_word' id='word_1_105' title='bbox 1413 2117 1633 2213; x_wconf 90' lang='lat' dir='ltr'><strong>prophetae.</strong></span> <span class='ocrx_word' id='word_1_106' title='bbox 1650 2118 1710 2193; x_wconf 81' lang='lat' dir='ltr'><strong>Ab</strong></span> 
     </span>
     <span class='ocr_line' id='line_1_12' title="bbox 276 2237 1707 2340; baseline 0.003 -28"><span class='ocrx_word' id='word_1_107' title='bbox 276 2237 562 2336; x_wconf 83' lang='lat' dir='ltr'><strong>Eleutheropoli</strong></span> <span class='ocrx_word' id='word_1_108' title='bbox 588 2245 718 2317; x_wconf 83' lang='lat' dir='ltr'><strong>autem</strong></span> <span class='ocrx_word' id='word_1_109' title='bbox 745 2241 909 2317; x_wconf 89' lang='lat' dir='ltr'><strong>miliario</strong></span> <span class='ocrx_word' id='word_1_110' title='bbox 929 2243 1211 2340; x_wconf 90' lang='lat' dir='ltr'><strong>quintodecimo</strong></span> <span class='ocrx_word' id='word_1_111' title='bbox 1230 2247 1289 2318; x_wconf 89' lang='lat' dir='ltr'><strong>est</strong></span> <span class='ocrx_word' id='word_1_112' title='bbox 1315 2243 1557 2340; x_wconf 88' lang='lat' dir='ltr'><strong>sepulchrum</strong></span> <span class='ocrx_word' id='word_1_113' title='bbox 1584 2243 1707 2318; x_wconf 88' lang='lat' dir='ltr'><strong>sancti</strong></span> 
     </span>
     <span class='ocr_line' id='line_1_13' title="bbox 276 2359 1709 2463; baseline 0.003 -26"><span class='ocrx_word' id='word_1_114' title='bbox 276 2363 446 2440; x_wconf 88' lang='lat' dir='ltr'><strong>Hesdrae</strong></span> <span class='ocrx_word' id='word_1_115' title='bbox 463 2366 671 2463; x_wconf 89' lang='lat' dir='ltr'><strong>prophetae</strong></span> <span class='ocrx_word' id='word_1_116' title='bbox 688 2367 729 2441; x_wconf 93' lang='lat' dir='ltr'><strong>in</strong></span> <span class='ocrx_word' id='word_1_117' title='bbox 746 2367 841 2459; x_wconf 92' lang='lat' dir='ltr'><strong>loco,</strong></span> <span class='ocrx_word' id='word_1_118' title='bbox 860 2367 926 2463; x_wconf 93' lang='lat' dir='ltr'><strong>qui</strong></span> <span class='ocrx_word' id='word_1_119' title='bbox 945 2359 1245 2443; x_wconf 73' lang='grc' dir='ltr'><strong>(1101100100οἦ</strong></span> <span class='ocrx_word' id='word_1_120' title='bbox 1264 2367 1314 2444; x_wconf 90' lang='lat' dir='ltr'><strong>Et</strong></span> <span class='ocrx_word' id='word_1_121' title='bbox 1336 2368 1377 2442; x_wconf 92' lang='lat' dir='ltr'><strong>in</strong></span> <span class='ocrx_word' id='word_1_122' title='bbox 1395 2366 1561 2443; x_wconf 89' lang='lat' dir='ltr'><strong>miliario</strong></span> <span class='ocrx_word' id='word_1_123' title='bbox 1591 2366 1709 2444; x_wconf 86' lang='lat' dir='ltr'><strong>tertio</strong></span> 
     </span>
    </p>
   </div>
   <div class='ocr_carea' id='block_1_3' title="bbox 195 2643 1713 5674">
    <p class='ocr_par' dir='ltr' id='par_1_3' title="bbox 195 2643 1713 3805">
     <span class='ocr_line' id='line_1_14' title="bbox 357 2643 1710 2727; baseline 0.003 -21"><span class='ocrx_word' id='word_1_124' title='bbox 357 2643 368 2681; x_wconf 86' lang='lat'><strong>¹</strong></span> <span class='ocrx_word' id='word_1_125' title='bbox 387 2643 480 2707; x_wconf 87' lang='lat' dir='ltr'><strong>Hunc</strong></span> <span class='ocrx_word' id='word_1_126' title='bbox 500 2651 635 2707; x_wconf 89' lang='lat' dir='ltr'><strong>montem</strong></span> <span class='ocrx_word' id='word_1_127' title='bbox 654 2643 793 2708; x_wconf 78' lang='grc'><strong>0110000.</strong></span> <span class='ocrx_word' id='word_1_128' title='bbox 814 2645 913 2708; x_wconf 88' lang='lat' dir='ltr'><strong>Paula</strong></span> <span class='ocrx_word' id='word_1_129' title='bbox 933 2645 1080 2724; x_wconf 86' lang='lat' dir='ltr'><strong>ascendit,</strong></span> <span class='ocrx_word' id='word_1_130' title='bbox 1101 2666 1194 2725; x_wconf 88' lang='lat' dir='ltr'><strong>quum</strong></span> <span class='ocrx_word' id='word_1_131' title='bbox 1216 2643 1373 2708; x_wconf 78' lang='lat' dir='ltr'><strong>Nazareth</strong></span> <span class='ocrx_word' id='word_1_132' title='bbox 1398 2652 1521 2726; x_wconf 85' lang='lat' dir='ltr'><strong>peteret</strong></span> <span class='ocrx_word' id='word_1_133' title='bbox 1547 2645 1710 2727; x_wconf 89' lang='lat' dir='ltr'><strong>lacumque</strong></span> 
     </span>
     <span class='ocr_line' id='line_1_15' title="bbox 274 2741 1510 2822; baseline 0.001 -17"><span class='ocrx_word' id='word_1_134' title='bbox 274 2741 472 2822; x_wconf 70' lang='grc'><strong>1111010110,</strong></span> <span class='ocrx_word' id='word_1_135' title='bbox 491 2743 576 2822; x_wconf 89' lang='lat' dir='ltr'><strong>quod</strong></span> <span class='ocrx_word' id='word_1_136' title='bbox 594 2742 785 2822; x_wconf 79' lang='lat' dir='ltr'><strong>Peregrinae</strong></span> <span class='ocrx_word' id='word_1_137' title='bbox 806 2743 919 2806; x_wconf 88' lang='lat' dir='ltr'><strong>accidit</strong></span> <span class='ocrx_word' id='word_1_138' title='bbox 939 2744 978 2806; x_wconf 89' lang='lat' dir='ltr'><strong>ab</strong></span> <span class='ocrx_word' id='word_1_139' title='bbox 998 2744 1162 2808; x_wconf 84' lang='lat' dir='ltr'><strong>invisenda</strong></span> <span class='ocrx_word' id='word_1_140' title='bbox 1181 2743 1338 2808; x_wconf 70' lang='lat' dir='ltr'><strong>Nazareth</strong></span> <span class='ocrx_word' id='word_1_141' title='bbox 1356 2743 1510 2809; x_wconf 79' lang='lat' dir='ltr'><strong>redeunti.</strong></span> 
     </span>
     <span class='ocr_line' id='line_1_16' title="bbox 276 2841 1708 2924; baseline 0.003 -22"><span class='ocrx_word' id='word_1_142' title='bbox 276 2909 277 2912; x_wconf 8' lang='grc' dir='ltr'><strong>Ἴ</strong></span> <span class='ocrx_word' id='word_1_143' title='bbox 355 2841 516 2922; x_wconf 64' lang='lat' dir='ltr'><strong>&#39;Perage</strong></span> <span class='ocrx_word' id='word_1_144' title='bbox 538 2861 564 2904; x_wconf 90' lang='lat' dir='ltr'><strong>s.</strong></span> <span class='ocrx_word' id='word_1_145' title='bbox 584 2842 719 2904; x_wconf 85' lang='lat' dir='ltr'><strong>Paulae:</strong></span> <span class='ocrx_word' id='word_1_146' title='bbox 743 2865 759 2901; x_wconf 88' lang='lat'><strong>‹</strong></span> <span class='ocrx_word' id='word_1_147' title='bbox 781 2841 865 2915; x_wconf 82' lang='lat' dir='ltr'><strong>Quid</strong></span> <span class='ocrx_word' id='word_1_148' title='bbox 885 2863 1007 2906; x_wconf 88' lang='lat' dir='ltr'><strong>narrem</strong></span> <span class='ocrx_word' id='word_1_149' title='bbox 1027 2841 1102 2922; x_wconf 81' lang='lat' dir='ltr'><strong>silo,</strong></span> <span class='ocrx_word' id='word_1_150' title='bbox 1123 2843 1238 2922; x_wconf 92' lang='lat' dir='ltr'><strong>inqua</strong></span> <span class='ocrx_word' id='word_1_151' title='bbox 1264 2842 1362 2906; x_wconf 85' lang='lat' dir='ltr'><strong>altare</strong></span> <span class='ocrx_word' id='word_1_152' title='bbox 1388 2841 1526 2906; x_wconf 88' lang='lat' dir='ltr'><strong>dirutum</strong></span> <span class='ocrx_word' id='word_1_153' title='bbox 1553 2843 1708 2924; x_wconf 83' lang='lat' dir='ltr'><strong>hodieque</strong></span> 
     </span>
     <span class='ocr_line' id='line_1_17' title="bbox 277 2939 1712 3022; baseline 0.001 -20"><span class='ocrx_word' id='word_1_154' title='bbox 277 2942 522 3002; x_wconf 76' lang='lat' dir='ltr'><strong>monstraturi»</strong></span> <span class='ocrx_word' id='word_1_155' title='bbox 545 2939 607 3022; x_wconf 83' lang='lat' dir='ltr'><strong>(cf.</strong></span> <span class='ocrx_word' id='word_1_156' title='bbox 626 2941 753 3002; x_wconf 88' lang='lat' dir='ltr'><strong>Hieron.</strong></span> <span class='ocrx_word' id='word_1_157' title='bbox 775 2940 807 3002; x_wconf 92' lang='grc'><strong>10</strong></span> <span class='ocrx_word' id='word_1_158' title='bbox 828 2940 962 3019; x_wconf 78' lang='lat' dir='ltr'><strong>Sophon.</strong></span> <span class='ocrx_word' id='word_1_159' title='bbox 982 2941 1023 3022; x_wconf 92' lang='lat' dir='ltr'><strong>I).</strong></span> <span class='ocrx_word' id='word_1_160' title='bbox 1043 2941 1247 3004; x_wconf 79' lang='lat' dir='ltr'><strong>Intervallum</strong></span> <span class='ocrx_word' id='word_1_161' title='bbox 1266 2961 1286 3002; x_wconf 89' lang='lat' dir='ltr'><strong>a</strong></span> <span class='ocrx_word' id='word_1_162' title='bbox 1306 2940 1429 3004; x_wconf 78' lang='lat' dir='ltr'><strong>Sichem</strong></span> <span class='ocrx_word' id='word_1_163' title='bbox 1448 2942 1500 3003; x_wconf 89' lang='lat' dir='ltr'><strong>vel</strong></span> <span class='ocrx_word' id='word_1_164' title='bbox 1519 2941 1651 3022; x_wconf 86' lang='lat' dir='ltr'><strong>Neapoli</strong></span> <span class='ocrx_word' id='word_1_165' title='bbox 1671 2940 1712 3003; x_wconf 86' lang='lat' dir='ltr'><strong>ad</strong></span> 
     </span>
     <span class='ocr_line' id='line_1_18' title="bbox 276 3038 1711 3119; baseline 0.002 -20"><span class='ocrx_word' id='word_1_166' title='bbox 276 3039 384 3100; x_wconf 88' lang='lat' dir='ltr'><strong>urbem</strong></span> <span class='ocrx_word' id='word_1_167' title='bbox 405 3038 463 3101; x_wconf 83' lang='lat' dir='ltr'><strong>Sili</strong></span> <span class='ocrx_word' id='word_1_168' title='bbox 482 3038 596 3118; x_wconf 79' lang='lat' dir='ltr'><strong>viginti</strong></span> <span class='ocrx_word' id='word_1_169' title='bbox 616 3038 752 3100; x_wconf 90' lang='lat' dir='ltr'><strong>millibus</strong></span> <span class='ocrx_word' id='word_1_170' title='bbox 770 3058 919 3119; x_wconf 87' lang='lat' dir='ltr'><strong>passuum</strong></span> <span class='ocrx_word' id='word_1_171' title='bbox 931 3057 992 3102; x_wconf 90' lang='grc'><strong>000</strong></span> <span class='ocrx_word' id='word_1_172' title='bbox 1006 3039 1149 3118; x_wconf 83' lang='lat' dir='ltr'><strong>congruit</strong></span> <span class='ocrx_word' id='word_1_173' title='bbox 1162 3060 1231 3102; x_wconf 89' lang='lat' dir='ltr'><strong>cum</strong></span> <span class='ocrx_word' id='word_1_174' title='bbox 1245 3039 1391 3117; x_wconf 87' lang='lat' dir='ltr'><strong>Eusebio,</strong></span> <span class='ocrx_word' id='word_1_175' title='bbox 1406 3039 1460 3119; x_wconf 85' lang='lat' dir='ltr'><strong>qui</strong></span> <span class='ocrx_word' id='word_1_176' title='bbox 1475 3039 1573 3102; x_wconf 81' lang='lat' dir='ltr'><strong>Silam</strong></span> <span class='ocrx_word' id='word_1_177' title='bbox 1593 3039 1711 3102; x_wconf 87' lang='lat' dir='ltr'><strong>distare</strong></span> 
     </span>
     <span class='ocr_line' id='line_1_19' title="bbox 276 3131 1712 3225; baseline 0.002 -30"><span class='ocrx_word' id='word_1_178' title='bbox 276 3131 439 3198; x_wconf 73' lang='lat' dir='ltr'><strong>duodecim</strong></span> <span class='ocrx_word' id='word_1_179' title='bbox 458 3135 612 3199; x_wconf 85' lang='lat' dir='ltr'><strong>milliariis</strong></span> <span class='ocrx_word' id='word_1_180' title='bbox 633 3135 768 3216; x_wconf 87' lang='lat' dir='ltr'><strong>adnotat,</strong></span> <span class='ocrx_word' id='word_1_181' title='bbox 789 3137 846 3200; x_wconf 86' lang='lat' dir='ltr'><strong>sed</strong></span> <span class='ocrx_word' id='word_1_182' title='bbox 865 3136 1017 3199; x_wconf 89' lang='lat' dir='ltr'><strong>terminus</strong></span> <span class='ocrx_word' id='word_1_183' title='bbox 1037 3137 1071 3198; x_wconf 93' lang='lat' dir='ltr'><strong>in</strong></span> <span class='ocrx_word' id='word_1_184' title='bbox 1094 3136 1252 3200; x_wconf 85' lang='lat' dir='ltr'><strong>codicibus</strong></span> <span class='ocrx_word' id='word_1_185' title='bbox 1279 3136 1494 3225; x_wconf 81' lang='lat' dir='ltr'><strong>desideratur:</strong></span> <span class='ocrx_word' id='word_1_186' title='bbox 1520 3157 1621 3217; x_wconf 88' lang='lat' dir='ltr'><strong>neque</strong></span> <span class='ocrx_word' id='word_1_187' title='bbox 1641 3156 1712 3199; x_wconf 91' lang='lat' dir='ltr'><strong>cum</strong></span> 
     </span>
     <span class='ocr_line' id='line_1_20' title="bbox 195 3232 1712 3314; baseline 0.001 -18"><span class='ocrx_word' id='word_1_188' title='bbox 195 3286 197 3290; x_wconf 90' lang='lat'><em>.</em></span> <span class='ocrx_word' id='word_1_189' title='bbox 275 3232 477 3314; x_wconf 79' lang='lat' dir='ltr'><strong>Hieronymo,</strong></span> <span class='ocrx_word' id='word_1_190' title='bbox 497 3235 551 3314; x_wconf 88' lang='lat' dir='ltr'><strong>qui</strong></span> <span class='ocrx_word' id='word_1_191' title='bbox 569 3235 603 3298; x_wconf 90' lang='grc'><strong>10</strong></span> <span class='ocrx_word' id='word_1_192' title='bbox 622 3235 765 3298; x_wconf 86' lang='lat' dir='ltr'><strong>versione</strong></span> <span class='ocrx_word' id='word_1_193' title='bbox 785 3236 951 3298; x_wconf 86' lang='lat' dir='ltr'><strong>eusebiana</strong></span> <span class='ocrx_word' id='word_1_194' title='bbox 971 3235 1082 3298; x_wconf 86' lang='lat' dir='ltr'><strong>scribit</strong></span> <span class='ocrx_word' id='word_1_195' title='bbox 1095 3236 1193 3298; x_wconf 79' lang='lat' dir='ltr'><strong>Silum</strong></span> <span class='ocrx_word' id='word_1_196' title='bbox 1208 3257 1279 3300; x_wconf 88' lang='lat' dir='ltr'><strong>ease</strong></span> <span class='ocrx_word' id='word_1_197' title='bbox 1291 3237 1325 3298; x_wconf 90' lang='lat' dir='ltr'><strong>in</strong></span> <span class='ocrx_word' id='word_1_198' title='bbox 1339 3236 1456 3298; x_wconf 85' lang='lat' dir='ltr'><strong>decirrm</strong></span> <span class='ocrx_word' id='word_1_199' title='bbox 1476 3234 1620 3298; x_wconf 79' lang='lat' dir='ltr'><strong>milliario</strong></span> <span class='ocrx_word' id='word_1_200' title='bbox 1632 3233 1712 3298; x_wconf 73' lang='lat' dir='ltr'><strong>Nec</strong></span> 
     </span>
     <span class='ocr_line' id='line_1_21' title="bbox 274 3332 1713 3413; baseline 0.001 -19"><span class='ocrx_word' id='word_1_201' title='bbox 274 3332 391 3412; x_wconf 86' lang='lat' dir='ltr'><strong>poleos,</strong></span> <span class='ocrx_word' id='word_1_202' title='bbox 413 3333 497 3396; x_wconf 90' lang='grc'><strong>0110</strong></span> <span class='ocrx_word' id='word_1_203' title='bbox 516 3333 574 3395; x_wconf 88' lang='lat' dir='ltr'><strong>boc</strong></span> <span class='ocrx_word' id='word_1_204' title='bbox 595 3353 715 3412; x_wconf 87' lang='lat' dir='ltr'><strong>quoque</strong></span> <span class='ocrx_word' id='word_1_205' title='bbox 735 3333 858 3396; x_wconf 89' lang='lat' dir='ltr'><strong>codices</strong></span> <span class='ocrx_word' id='word_1_206' title='bbox 878 3333 1066 3413; x_wconf 81' lang='lat' dir='ltr'><strong>discrepant.</strong></span> <span class='ocrx_word' id='word_1_207' title='bbox 1084 3333 1218 3398; x_wconf 86' lang='lat' dir='ltr'><strong>Rectum</strong></span> <span class='ocrx_word' id='word_1_208' title='bbox 1237 3334 1314 3398; x_wconf 89' lang='lat' dir='ltr'><strong>mihi</strong></span> <span class='ocrx_word' id='word_1_209' title='bbox 1334 3333 1433 3397; x_wconf 86' lang='lat' dir='ltr'><strong>inisse</strong></span> <span class='ocrx_word' id='word_1_210' title='bbox 1454 3333 1581 3398; x_wconf 86' lang='lat' dir='ltr'><strong>videtur</strong></span> <span class='ocrx_word' id='word_1_211' title='bbox 1599 3333 1713 3396; x_wconf 86' lang='lat' dir='ltr'><strong>illude</strong></span> 
     </span>
     <span class='ocr_line' id='line_1_22' title="bbox 275 3430 1711 3511; baseline 0 -18"><span class='ocrx_word' id='word_1_212' title='bbox 275 3431 445 3510; x_wconf 75' lang='lat' dir='ltr'><strong>Peregrina</strong></span> <span class='ocrx_word' id='word_1_213' title='bbox 466 3433 609 3511; x_wconf 87' lang='lat' dir='ltr'><strong>relatum,</strong></span> <span class='ocrx_word' id='word_1_214' title='bbox 630 3432 712 3510; x_wconf 88' lang='lat' dir='ltr'><strong>quod</strong></span> <span class='ocrx_word' id='word_1_215' title='bbox 731 3430 928 3494; x_wconf 88' lang='lat' dir='ltr'><strong>confirmatur</strong></span> <span class='ocrx_word' id='word_1_216' title='bbox 947 3432 1077 3494; x_wconf 76' lang='lat' dir='ltr'><strong>Ehetelli</strong></span> <span class='ocrx_word' id='word_1_217' title='bbox 1104 3431 1313 3496; x_wconf 70' lang='lat' dir='ltr'><strong>archidiaconi</strong></span> <span class='ocrx_word' id='word_1_218' title='bbox 1339 3431 1526 3496; x_wconf 87' lang='lat' dir='ltr'><strong>Antiocheui</strong></span> <span class='ocrx_word' id='word_1_219' title='bbox 1545 3431 1625 3493; x_wconf 90' lang='lat' dir='ltr'><strong>libro</strong></span> <span class='ocrx_word' id='word_1_220' title='bbox 1645 3451 1711 3493; x_wconf 87' lang='lat' dir='ltr'><strong>san·</strong></span> 
     </span>
     <span class='ocr_line' id='line_1_23' title="bbox 275 3528 1710 3611; baseline -0.001 -21"><span class='ocrx_word' id='word_1_221' title='bbox 275 3537 394 3590; x_wconf 80' lang='lat' dir='ltr'><strong>storum</strong></span> <span class='ocrx_word' id='word_1_222' title='bbox 412 3529 557 3604; x_wconf 91' lang='lat' dir='ltr'><strong>locorum,</strong></span> <span class='ocrx_word' id='word_1_223' title='bbox 578 3550 671 3609; x_wconf 89' lang='lat' dir='ltr'><strong>quem</strong></span> <span class='ocrx_word' id='word_1_224' title='bbox 690 3530 837 3611; x_wconf 87' lang='lat' dir='ltr'><strong>scriptum</strong></span> <span class='ocrx_word' id='word_1_225' title='bbox 864 3530 988 3592; x_wconf 86' lang='lat' dir='ltr'><strong>circiter</strong></span> <span class='ocrx_word' id='word_1_226' title='bbox 1011 3530 1169 3593; x_wconf 89' lang='lat' dir='ltr'><strong>saeculum</strong></span> <span class='ocrx_word' id='word_1_227' title='bbox 1196 3530 1410 3594; x_wconf 90' lang='lat' dir='ltr'><strong>duodecimum</strong></span> <span class='ocrx_word' id='word_1_228' title='bbox 1436 3529 1585 3592; x_wconf 83' lang='lat' dir='ltr'><strong>Balaniua</strong></span> <span class='ocrx_word' id='word_1_229' title='bbox 1609 3528 1710 3592; x_wconf 89' lang='lat' dir='ltr'><strong>edidit</strong></span> 
     </span>
     <span class='ocr_line' id='line_1_24' title="bbox 275 3626 1711 3710; baseline -0.001 -20"><span class='ocrx_word' id='word_1_230' title='bbox 275 3627 376 3706; x_wconf 81' lang='lat' dir='ltr'><strong>(liiac.</strong></span> <span class='ocrx_word' id='word_1_231' title='bbox 396 3627 424 3689; x_wconf 93' lang='grc' dir='ltr'><strong>Ι.</strong></span> <span class='ocrx_word' id='word_1_232' title='bbox 443 3647 474 3707; x_wconf 88' lang='lat' dir='ltr'><strong>p.</strong></span> <span class='ocrx_word' id='word_1_233' title='bbox 494 3629 586 3709; x_wconf 79' lang='lat'>437):</span> <span class='ocrx_word' id='word_1_234' title='bbox 610 3628 811 3692; x_wconf 78' lang='grc'><strong>«1110001000-</strong></span> <span class='ocrx_word' id='word_1_235' title='bbox 823 3629 955 3691; x_wconf 83' lang='lat' dir='ltr'><strong>miliario</strong></span> <span class='ocrx_word' id='word_1_236' title='bbox 975 3649 994 3690; x_wconf 88' lang='grc'><strong>0</strong></span> <span class='ocrx_word' id='word_1_237' title='bbox 1014 3629 1145 3710; x_wconf 83' lang='lat' dir='ltr'><strong>Sichsm,</strong></span> <span class='ocrx_word' id='word_1_238' title='bbox 1166 3637 1276 3708; x_wconf 87' lang='lat' dir='ltr'><strong>quarto</strong></span> <span class='ocrx_word' id='word_1_239' title='bbox 1304 3649 1330 3692; x_wconf 84' lang='grc' dir='ltr'><strong>0Ι</strong></span> <span class='ocrx_word' id='word_1_240' title='bbox 1349 3627 1524 3692; x_wconf 80' lang='lat' dir='ltr'><strong>Jerusalem</strong></span> <span class='ocrx_word' id='word_1_241' title='bbox 1543 3626 1605 3708; x_wconf 83' lang='lat' dir='ltr'><strong>via,</strong></span> <span class='ocrx_word' id='word_1_242' title='bbox 1628 3647 1711 3707; x_wconf 85' lang='lat' dir='ltr'><strong>quae</strong></span> 
     </span>
     <span class='ocr_line' id='line_1_25' title="bbox 275 3719 1107 3805; baseline 0.001 -21"><span class='ocrx_word' id='word_1_243' title='bbox 275 3719 361 3785; x_wconf 86' lang='lat' dir='ltr'><strong>ducit</strong></span> <span class='ocrx_word' id='word_1_244' title='bbox 378 3723 563 3804; x_wconf 78' lang='lat' dir='ltr'><strong>Diospolin,</strong></span> <span class='ocrx_word' id='word_1_245' title='bbox 583 3745 672 3788; x_wconf 89' lang='lat' dir='ltr'><strong>mons</strong></span> <span class='ocrx_word' id='word_1_246' title='bbox 692 3725 768 3805; x_wconf 82' lang='lat' dir='ltr'><strong>Syia</strong></span> <span class='ocrx_word' id='word_1_247' title='bbox 787 3731 821 3788; x_wconf 91' lang='grc'><strong>01</strong></span> <span class='ocrx_word' id='word_1_248' title='bbox 841 3725 992 3788; x_wconf 82' lang='lat' dir='ltr'><strong>civitas».</strong></span> <span class='ocrx_word' id='word_1_249' title='bbox 1103 3789 1107 3798; x_wconf 64' lang='grc'><strong>,</strong></span> 
     </span>
    </p>

    <p class='ocr_par' dir='ltr' id='par_1_4' title="bbox 270 3819 1711 4889">
     <span class='ocr_line' id='line_1_26' title="bbox 354 3819 1711 3904; baseline 0 -20"><span class='ocrx_word' id='word_1_250' title='bbox 354 3819 367 3858; x_wconf 81' lang='lat'><strong>³</strong></span> <span class='ocrx_word' id='word_1_251' title='bbox 386 3821 500 3886; x_wconf 86' lang='lat' dir='ltr'><strong>Betbel</strong></span> <span class='ocrx_word' id='word_1_252' title='bbox 518 3843 648 3904; x_wconf 84' lang='lat' dir='ltr'><strong>parvum</strong></span> <span class='ocrx_word' id='word_1_253' title='bbox 660 3824 764 3887; x_wconf 90' lang='lat' dir='ltr'><strong>vicum</strong></span> <span class='ocrx_word' id='word_1_254' title='bbox 776 3823 875 3889; x_wconf 83' lang='lat' dir='ltr'><strong>inisse</strong></span> <span class='ocrx_word' id='word_1_255' title='bbox 890 3831 923 3888; x_wconf 90' lang='lat' dir='ltr'><strong>et</strong></span> <span class='ocrx_word' id='word_1_256' title='bbox 935 3824 1052 3886; x_wconf 75' lang='grc'><strong>(1101000</strong></span> <span class='ocrx_word' id='word_1_257' title='bbox 1065 3824 1248 3888; x_wconf 85' lang='lat' dir='ltr'><strong>duodecimo</strong></span> <span class='ocrx_word' id='word_1_258' title='bbox 1264 3824 1388 3888; x_wconf 87' lang='lat' dir='ltr'><strong>circiter</strong></span> <span class='ocrx_word' id='word_1_259' title='bbox 1400 3823 1544 3886; x_wconf 87' lang='lat' dir='ltr'><strong>milliario</strong></span> <span class='ocrx_word' id='word_1_260' title='bbox 1560 3825 1598 3884; x_wconf 86' lang='lat' dir='ltr'><strong>ab</strong></span> <span class='ocrx_word' id='word_1_261' title='bbox 1618 3822 1711 3885; x_wconf 80' lang='lat' dir='ltr'><strong>Aelia</strong></span> 
     </span>
     <span class='ocr_line' id='line_1_27' title="bbox 273 3917 1710 4003; baseline 0.001 -23"><span class='ocrx_word' id='word_1_262' title='bbox 273 3917 365 3981; x_wconf 88' lang='lat' dir='ltr'><strong>docet</strong></span> <span class='ocrx_word' id='word_1_263' title='bbox 385 3919 540 3984; x_wconf 78' lang='lat' dir='ltr'><strong>Eusebius</strong></span> <span class='ocrx_word' id='word_1_264' title='bbox 560 3921 593 3984; x_wconf 91' lang='lat' dir='ltr'><strong>in</strong></span> <span class='ocrx_word' id='word_1_265' title='bbox 612 3922 772 4002; x_wconf 61' lang='grc'><strong>01990110</strong></span> <span class='ocrx_word' id='word_1_266' title='bbox 791 3943 850 4002; x_wconf 92' lang='lat' dir='ltr'><strong>quo</strong></span> <span class='ocrx_word' id='word_1_267' title='bbox 864 3922 1019 4003; x_wconf 86' lang='lat' dir='ltr'><strong>interpres</strong></span> <span class='ocrx_word' id='word_1_268' title='bbox 1033 3923 1242 4002; x_wconf 84' lang='lat' dir='ltr'><strong>Hieronymus</strong></span> <span class='ocrx_word' id='word_1_269' title='bbox 1256 3922 1398 3986; x_wconf 89' lang='lat' dir='ltr'><strong>addidit:</strong></span> <span class='ocrx_word' id='word_1_270' title='bbox 1414 3945 1431 3981; x_wconf 86' lang='lat'><strong>‹</strong></span> <span class='ocrx_word' id='word_1_271' title='bbox 1446 3921 1556 3984; x_wconf 86' lang='lat' dir='ltr'><strong>Sedet</strong></span> <span class='ocrx_word' id='word_1_272' title='bbox 1578 3919 1710 3982; x_wconf 89' lang='lat' dir='ltr'><strong>ecclesia</strong></span> 
     </span>
     <span class='ocr_line' id='line_1_28' title="bbox 273 4017 1709 4101; baseline 0 -20"><span class='ocrx_word' id='word_1_273' title='bbox 273 4017 435 4081; x_wconf 82' lang='lat' dir='ltr'><strong>aedificata</strong></span> <span class='ocrx_word' id='word_1_274' title='bbox 455 4027 513 4094; x_wconf 86' lang='lat' dir='ltr'><strong>est,</strong></span> <span class='ocrx_word' id='word_1_275' title='bbox 535 4021 588 4082; x_wconf 91' lang='lat' dir='ltr'><strong>ubi</strong></span> <span class='ocrx_word' id='word_1_276' title='bbox 608 4020 755 4082; x_wconf 86' lang='lat' dir='ltr'><strong>dormivit</strong></span> <span class='ocrx_word' id='word_1_277' title='bbox 775 4021 874 4083; x_wconf 87' lang='lat' dir='ltr'><strong>Jacob</strong></span> <span class='ocrx_word' id='word_1_278' title='bbox 894 4041 1028 4100; x_wconf 79' lang='lat' dir='ltr'><strong>pergens</strong></span> <span class='ocrx_word' id='word_1_279' title='bbox 1049 4021 1306 4101; x_wconf 87' lang='lat' dir='ltr'><strong>Mesopotamiam</strong></span> <span class='ocrx_word' id='word_1_280' title='bbox 1327 4043 1355 4082; x_wconf 80' lang='lat' dir='ltr'><strong>a.</strong></span> <span class='ocrx_word' id='word_1_281' title='bbox 1376 4021 1425 4082; x_wconf 89' lang='lat' dir='ltr'><strong>De</strong></span> <span class='ocrx_word' id='word_1_282' title='bbox 1446 4019 1587 4100; x_wconf 87' lang='lat' dir='ltr'><strong>sepulcro</strong></span> <span class='ocrx_word' id='word_1_283' title='bbox 1608 4018 1709 4081; x_wconf 83' lang='lat' dir='ltr'><strong>Ahiae</strong></span> 
     </span>
     <span class='ocr_line' id='line_1_29' title="bbox 273 4115 1709 4200; baseline -0.001 -22"><span class='ocrx_word' id='word_1_284' title='bbox 273 4116 442 4197; x_wconf 86' lang='lat' dir='ltr'><strong>prophetae</strong></span> <span class='ocrx_word' id='word_1_285' title='bbox 454 4117 544 4199; x_wconf 80' lang='lat' dir='ltr'><strong>(Reg.</strong></span> <span class='ocrx_word' id='word_1_286' title='bbox 556 4119 619 4199; x_wconf 88' lang='lat'><strong>111,</strong></span> <span class='ocrx_word' id='word_1_287' title='bbox 629 4139 654 4180; x_wconf 92' lang='lat' dir='ltr'><strong>c.</strong></span> <span class='ocrx_word' id='word_1_288' title='bbox 668 4122 715 4198; x_wconf 90' lang='lat'><strong>11,</strong></span> <span class='ocrx_word' id='word_1_289' title='bbox 725 4120 778 4200; x_wconf 84' lang='lat'><strong>29)</strong></span> <span class='ocrx_word' id='word_1_290' title='bbox 788 4139 828 4180; x_wconf 92' lang='lat' dir='ltr'><strong>ne</strong></span> <span class='ocrx_word' id='word_1_291' title='bbox 841 4119 969 4180; x_wconf 87' lang='lat' dir='ltr'><strong>verbum</strong></span> <span class='ocrx_word' id='word_1_292' title='bbox 983 4119 1107 4196; x_wconf 88' lang='lat' dir='ltr'><strong>quidem</strong></span> <span class='ocrx_word' id='word_1_293' title='bbox 1120 4117 1157 4180; x_wconf 91' lang='lat' dir='ltr'><strong>fit</strong></span> <span class='ocrx_word' id='word_1_294' title='bbox 1170 4120 1203 4182; x_wconf 92' lang='lat' dir='ltr'><strong>in</strong></span> <span class='ocrx_word' id='word_1_295' title='bbox 1217 4119 1316 4196; x_wconf 90' lang='lat' dir='ltr'><strong>libris,</strong></span> <span class='ocrx_word' id='word_1_296' title='bbox 1334 4138 1411 4197; x_wconf 88' lang='lat' dir='ltr'><strong>quos</strong></span> <span class='ocrx_word' id='word_1_297' title='bbox 1431 4119 1465 4180; x_wconf 91' lang='lat' dir='ltr'><strong>in</strong></span> <span class='ocrx_word' id='word_1_298' title='bbox 1484 4136 1593 4179; x_wconf 88' lang='lat' dir='ltr'><strong>manus</strong></span> <span class='ocrx_word' id='word_1_299' title='bbox 1605 4115 1709 4178; x_wconf 88' lang='lat' dir='ltr'><strong>habui.</strong></span> 
     </span>
     <span class='ocr_line' id='line_1_30' title="bbox 271 4205 1709 4298; baseline -0.001 -22"><span class='ocrx_word' id='word_1_300' title='bbox 271 4256 274 4263; x_wconf 36' lang='grc' dir='ltr'><em>ι</em></span> <span class='ocrx_word' id='word_1_301' title='bbox 352 4216 365 4250; x_wconf 81' lang='lat'><strong>⁴</strong></span> <span class='ocrx_word' id='word_1_302' title='bbox 385 4215 492 4280; x_wconf 91' lang='lat' dir='ltr'><strong>Itiner.</strong></span> <span class='ocrx_word' id='word_1_303' title='bbox 513 4215 610 4278; x_wconf 89' lang='lat' dir='ltr'><strong>Burd.</strong></span> <span class='ocrx_word' id='word_1_304' title='bbox 631 4217 742 4279; x_wconf 79' lang='lat' dir='ltr'><strong>statuit</strong></span> <span class='ocrx_word' id='word_1_305' title='bbox 754 4239 770 4275; x_wconf 75' lang='grc' dir='ltr'><strong><em>ι</em></strong></span> <span class='ocrx_word' id='word_1_306' title='bbox 783 4237 931 4298; x_wconf 90' lang='lat' dir='ltr'><strong>campum,</strong></span> <span class='ocrx_word' id='word_1_307' title='bbox 943 4205 1005 4278; x_wconf 82' lang='lat' dir='ltr'><strong>¹ubi</strong></span> <span class='ocrx_word' id='word_1_308' title='bbox 1015 4216 1119 4278; x_wconf 87' lang='lat' dir='ltr'><strong>David</strong></span> <span class='ocrx_word' id='word_1_309' title='bbox 1141 4217 1248 4279; x_wconf 80' lang='lat' dir='ltr'><strong>Goliat</strong></span> <span class='ocrx_word' id='word_1_310' title='bbox 1267 4216 1389 4290; x_wconf 90' lang='lat' dir='ltr'><strong>occidit,</strong></span> <span class='ocrx_word' id='word_1_311' title='bbox 1403 4239 1419 4276; x_wconf 78' lang='lat' dir='ltr'><strong>a</strong></span> <span class='ocrx_word' id='word_1_312' title='bbox 1432 4217 1515 4278; x_wconf 90' lang='lat' dir='ltr'><strong>inter</strong></span> <span class='ocrx_word' id='word_1_313' title='bbox 1534 4213 1709 4278; x_wconf 81' lang='lat' dir='ltr'><strong>Stradelam</strong></span> 
     </span>
     <span class='ocr_line' id='line_1_31' title="bbox 270 4311 1709 4395; baseline 0 -21"><span class='ocrx_word' id='word_1_314' title='bbox 270 4318 306 4374; x_wconf 82' lang='lat' dir='ltr'><strong>at</strong></span> <span class='ocrx_word' id='word_1_315' title='bbox 316 4311 527 4392; x_wconf 67' lang='lat' dir='ltr'><strong>scythopolim</strong></span> <span class='ocrx_word' id='word_1_316' title='bbox 540 4311 638 4375; x_wconf 88' lang='lat' dir='ltr'><strong>inisse</strong></span> <span class='ocrx_word' id='word_1_317' title='bbox 652 4313 821 4395; x_wconf 89' lang='lat' dir='ltr'><strong>plusquam</strong></span> <span class='ocrx_word' id='word_1_318' title='bbox 836 4313 1059 4392; x_wconf 81' lang='lat' dir='ltr'><strong>quinquaginta</strong></span> <span class='ocrx_word' id='word_1_319' title='bbox 1072 4313 1226 4375; x_wconf 88' lang='lat' dir='ltr'><strong>milliariis</strong></span> <span class='ocrx_word' id='word_1_320' title='bbox 1234 4315 1274 4374; x_wconf 90' lang='lat' dir='ltr'><strong>ab</strong></span> <span class='ocrx_word' id='word_1_321' title='bbox 1282 4313 1488 4376; x_wconf 85' lang='lat' dir='ltr'><strong>Hierusalem.</strong></span> <span class='ocrx_word' id='word_1_322' title='bbox 1496 4311 1586 4374; x_wconf 89' lang='lat' dir='ltr'><strong>Duos</strong></span> <span class='ocrx_word' id='word_1_323' title='bbox 1606 4311 1709 4374; x_wconf 84' lang='grc'><strong>101000</strong></span> 
     </span>
     <span class='ocr_line' id='line_1_32' title="bbox 273 4410 1708 4492; baseline -0.001 -19"><span class='ocrx_word' id='word_1_324' title='bbox 273 4410 387 4473; x_wconf 76' lang='grc'><strong>8001001</strong></span> <span class='ocrx_word' id='word_1_325' title='bbox 406 4411 439 4473; x_wconf 90' lang='grc'><strong>10</strong></span> <span class='ocrx_word' id='word_1_326' title='bbox 458 4412 543 4474; x_wconf 88' lang='lat' dir='ltr'><strong>tribu</strong></span> <span class='ocrx_word' id='word_1_327' title='bbox 564 4411 649 4474; x_wconf 85' lang='lat' dir='ltr'><strong>Juda</strong></span> <span class='ocrx_word' id='word_1_328' title='bbox 668 4413 788 4476; x_wconf 86' lang='lat' dir='ltr'><strong>viculos</strong></span> <span class='ocrx_word' id='word_1_329' title='bbox 807 4414 840 4474; x_wconf 90' lang='grc'><strong>10</strong></span> <span class='ocrx_word' id='word_1_330' title='bbox 859 4432 938 4474; x_wconf 87' lang='grc'><strong>0000</strong></span> <span class='ocrx_word' id='word_1_331' title='bbox 958 4413 1090 4473; x_wconf 88' lang='lat' dir='ltr'><strong>miliario</strong></span> <span class='ocrx_word' id='word_1_332' title='bbox 1118 4413 1189 4474; x_wconf 88' lang='lat' dir='ltr'><strong>viae</strong></span> <span class='ocrx_word' id='word_1_333' title='bbox 1202 4412 1344 4492; x_wconf 89' lang='lat' dir='ltr'><strong>publicae</strong></span> <span class='ocrx_word' id='word_1_334' title='bbox 1364 4413 1567 4492; x_wconf 80' lang='lat' dir='ltr'><strong>pergentibus</strong></span> <span class='ocrx_word' id='word_1_335' title='bbox 1586 4411 1708 4473; x_wconf 85' lang='lat' dir='ltr'><strong>Aeliam</strong></span> 
     </span>
     <span class='ocr_line' id='line_1_33' title="bbox 272 4508 1708 4591; baseline 0 -21"><span class='ocrx_word' id='word_1_336' title='bbox 272 4508 313 4571; x_wconf 90' lang='lat' dir='ltr'><strong>ab</strong></span> <span class='ocrx_word' id='word_1_337' title='bbox 337 4509 568 4591; x_wconf 86' lang='lat' dir='ltr'><strong>Eleutheropoli</strong></span> <span class='ocrx_word' id='word_1_338' title='bbox 588 4510 697 4574; x_wconf 88' lang='lat' dir='ltr'><strong>scribit</strong></span> <span class='ocrx_word' id='word_1_339' title='bbox 719 4511 875 4574; x_wconf 81' lang='lat' dir='ltr'><strong>Eusebius</strong></span> <span class='ocrx_word' id='word_1_340' title='bbox 889 4511 922 4570; x_wconf 94' lang='lat' dir='ltr'><strong>in</strong></span> <span class='ocrx_word' id='word_1_341' title='bbox 933 4529 964 4572; x_wconf 89' lang='lat' dir='ltr'><strong>v.</strong></span> <span class='ocrx_word' id='word_1_342' title='bbox 976 4509 1102 4572; x_wconf 81' lang='lat' dir='ltr'><strong>Soccho.</strong></span> <span class='ocrx_word' id='word_1_343' title='bbox 1114 4509 1216 4572; x_wconf 85' lang='lat' dir='ltr'><strong>Locus</strong></span> <span class='ocrx_word' id='word_1_344' title='bbox 1230 4517 1333 4572; x_wconf 87' lang='lat' dir='ltr'><strong>autem</strong></span> <span class='ocrx_word' id='word_1_345' title='bbox 1347 4510 1487 4572; x_wconf 74' lang='lat' dir='ltr'><strong>zechara</strong></span> <span class='ocrx_word' id='word_1_346' title='bbox 1499 4510 1603 4573; x_wconf 86' lang='lat' dir='ltr'><strong>liahel</strong></span> <span class='ocrx_word' id='word_1_347' title='bbox 1616 4508 1708 4570; x_wconf 85' lang='grc'><strong>100110</strong></span> 
     </span>
     <span class='ocr_line' id='line_1_34' title="bbox 273 4607 1707 4700; baseline -0.002 -29"><span class='ocrx_word' id='word_1_348' title='bbox 273 4630 344 4672; x_wconf 89' lang='lat' dir='ltr'><strong>cum</strong></span> <span class='ocrx_word' id='word_1_349' title='bbox 363 4609 492 4694; x_wconf 76' lang='lat' dir='ltr'><strong>Megala</strong></span> <span class='ocrx_word' id='word_1_350' title='bbox 506 4609 713 4690; x_wconf 79' lang='lat' dir='ltr'><strong>confunditur,</strong></span> <span class='ocrx_word' id='word_1_351' title='bbox 725 4617 760 4672; x_wconf 91' lang='lat' dir='ltr'><strong>nt</strong></span> <span class='ocrx_word' id='word_1_352' title='bbox 771 4610 804 4672; x_wconf 91' lang='lat' dir='ltr'><strong>in</strong></span> <span class='ocrx_word' id='word_1_353' title='bbox 816 4609 1077 4700; x_wconf 58' lang='grc' dir='ltr'><strong>00100101031100Ι</strong></span> <span class='ocrx_word' id='word_1_354' title='bbox 1089 4609 1179 4690; x_wconf 80' lang='lat' dir='ltr'><strong>(Bag.</strong></span> <span class='ocrx_word' id='word_1_355' title='bbox 1194 4611 1221 4687; x_wconf 94' lang='grc' dir='ltr'><strong>Ι,</strong></span> <span class='ocrx_word' id='word_1_356' title='bbox 1238 4631 1264 4674; x_wconf 91' lang='grc'><strong>0.</strong></span> <span class='ocrx_word' id='word_1_357' title='bbox 1281 4611 1329 4689; x_wconf 83' lang='grc'><strong>17,</strong></span> <span class='ocrx_word' id='word_1_358' title='bbox 1343 4630 1373 4672; x_wconf 88' lang='lat' dir='ltr'><strong>v.</strong></span> <span class='ocrx_word' id='word_1_359' title='bbox 1388 4611 1457 4692; x_wconf 81' lang='lat'><strong>20):</strong></span> <span class='ocrx_word' id='word_1_360' title='bbox 1471 4609 1593 4672; x_wconf 85' lang='lat' dir='ltr'><strong>‹Venit</strong></span> <span class='ocrx_word' id='word_1_361' title='bbox 1602 4607 1707 4670; x_wconf 88' lang='lat' dir='ltr'><strong>David</strong></span> 
     </span>
     <span class='ocr_line' id='line_1_35' title="bbox 274 4707 1705 4789; baseline -0.001 -17"><span class='ocrx_word' id='word_1_362' title='bbox 274 4711 314 4772; x_wconf 86' lang='lat' dir='ltr'><strong>ed</strong></span> <span class='ocrx_word' id='word_1_363' title='bbox 334 4710 434 4772; x_wconf 91' lang='lat' dir='ltr'><strong>locum</strong></span> <span class='ocrx_word' id='word_1_364' title='bbox 453 4710 585 4789; x_wconf 81' lang='lat' dir='ltr'><strong>Megala.</strong></span> <span class='ocrx_word' id='word_1_365' title='bbox 608 4733 624 4770; x_wconf 80' lang='lat' dir='ltr'><strong>a</strong></span> <span class='ocrx_word' id='word_1_366' title='bbox 648 4711 691 4771; x_wconf 86' lang='lat' dir='ltr'><strong>Et</strong></span> <span class='ocrx_word' id='word_1_367' title='bbox 711 4709 794 4772; x_wconf 91' lang='lat' dir='ltr'><strong>idem</strong></span> <span class='ocrx_word' id='word_1_368' title='bbox 813 4709 947 4786; x_wconf 85' lang='lat' dir='ltr'><strong>videtur,</strong></span> <span class='ocrx_word' id='word_1_369' title='bbox 968 4729 1059 4786; x_wconf 89' lang='lat' dir='ltr'><strong>quem</strong></span> <span class='ocrx_word' id='word_1_370' title='bbox 1078 4707 1113 4769; x_wconf 92' lang='grc'><strong>10</strong></span> <span class='ocrx_word' id='word_1_371' title='bbox 1132 4709 1256 4771; x_wconf 86' lang='lat' dir='ltr'><strong>Zosimo</strong></span> <span class='ocrx_word' id='word_1_372' title='bbox 1278 4709 1411 4787; x_wconf 82' lang='lat' dir='ltr'><strong>legimus</strong></span> <span class='ocrx_word' id='word_1_373' title='bbox 1433 4709 1528 4789; x_wconf 84' lang='lat' dir='ltr'><strong>(Hist</strong></span> <span class='ocrx_word' id='word_1_374' title='bbox 1553 4709 1624 4770; x_wconf 90' lang='lat' dir='ltr'><strong>Ecc.</strong></span> <span class='ocrx_word' id='word_1_375' title='bbox 1645 4707 1705 4782; x_wconf 93' lang='lat' dir='ltr'><strong>IX,</strong></span> 
     </span>
     <span class='ocr_line' id='line_1_36' title="bbox 271 4803 1710 4889; baseline -0.003 -19"><span class='ocrx_word' id='word_1_376' title='bbox 271 4826 300 4870; x_wconf 88' lang='grc'><strong>0</strong></span> <span class='ocrx_word' id='word_1_377' title='bbox 322 4809 394 4889; x_wconf 79' lang='grc'><strong>11);</strong></span> <span class='ocrx_word' id='word_1_378' title='bbox 418 4805 540 4870; x_wconf 78' lang='lat' dir='ltr'><strong>‹Oafar</strong></span> <span class='ocrx_word' id='word_1_379' title='bbox 559 4807 739 4886; x_wconf 84' lang='lat' dir='ltr'><strong>Zachariae,</strong></span> <span class='ocrx_word' id='word_1_380' title='bbox 753 4807 841 4869; x_wconf 90' lang='lat' dir='ltr'><strong>vicus</strong></span> <span class='ocrx_word' id='word_1_381' title='bbox 856 4813 905 4868; x_wconf 89' lang='lat' dir='ltr'><strong>est</strong></span> <span class='ocrx_word' id='word_1_382' title='bbox 926 4806 959 4867; x_wconf 92' lang='lat' dir='ltr'><strong>in</strong></span> <span class='ocrx_word' id='word_1_383' title='bbox 978 4805 1091 4866; x_wconf 90' lang='lat' dir='ltr'><strong>finibus</strong></span> <span class='ocrx_word' id='word_1_384' title='bbox 1106 4805 1365 4884; x_wconf 79' lang='lat' dir='ltr'><strong>Eleutheropolis,</strong></span> <span class='ocrx_word' id='word_1_385' title='bbox 1386 4805 1472 4868; x_wconf 87' lang='lat' dir='ltr'><strong>urbis</strong></span> <span class='ocrx_word' id='word_1_386' title='bbox 1484 4803 1663 4867; x_wconf 87' lang='lat' dir='ltr'><strong>Palestinae</strong></span> <span class='ocrx_word' id='word_1_387' title='bbox 1678 4827 1710 4865; x_wconf 73' lang='grc'><strong>0.</strong></span> 
     </span>
    </p>

    <p class='ocr_par' dir='ltr' id='par_1_5' title="bbox 270 4902 1708 5674">
     <span class='ocr_line' id='line_1_37' title="bbox 353 4902 1706 4988; baseline -0.004 -19"><span class='ocrx_word' id='word_1_388' title='bbox 353 4905 365 4944; x_wconf 76' lang='lat'>⁵</span> <span class='ocrx_word' id='word_1_389' title='bbox 385 4906 722 4988; x_wconf 89' lang='lat' dir='ltr'><strong>Pseudo-Epiphanius</strong></span> <span class='ocrx_word' id='word_1_390' title='bbox 741 4906 775 4967; x_wconf 91' lang='lat' dir='ltr'><strong>in</strong></span> <span class='ocrx_word' id='word_1_391' title='bbox 794 4905 871 4968; x_wconf 86' lang='lat' dir='ltr'><strong>vitis</strong></span> <span class='ocrx_word' id='word_1_392' title='bbox 890 4903 1121 4986; x_wconf 80' lang='lat' dir='ltr'><strong>prophetarum</strong></span> <span class='ocrx_word' id='word_1_393' title='bbox 1141 4903 1238 4966; x_wconf 86' lang='lat' dir='ltr'><strong>tradit</strong></span> <span class='ocrx_word' id='word_1_394' title='bbox 1257 4905 1405 4966; x_wconf 89' lang='lat' dir='ltr'><strong>Habacuc</strong></span> <span class='ocrx_word' id='word_1_395' title='bbox 1427 4911 1528 4966; x_wconf 91' lang='lat' dir='ltr'><strong>ortum</strong></span> <span class='ocrx_word' id='word_1_396' title='bbox 1558 4902 1706 4966; x_wconf 87' lang='lat' dir='ltr'><strong>babuisse</strong></span> 
     </span>
     <span class='ocr_line' id='line_1_38' title="bbox 270 5001 1706 5086; baseline -0.003 -18"><span class='ocrx_word' id='word_1_397' title='bbox 270 5005 306 5068; x_wconf 89' lang='lat' dir='ltr'><strong>in</strong></span> <span class='ocrx_word' id='word_1_398' title='bbox 324 5005 575 5082; x_wconf 72' lang='lat' dir='ltr'><strong>Beth-Zacharia,</strong></span> <span class='ocrx_word' id='word_1_399' title='bbox 595 5025 674 5085; x_wconf 89' lang='lat' dir='ltr'><strong>quae</strong></span> <span class='ocrx_word' id='word_1_400' title='bbox 694 5004 845 5086; x_wconf 85' lang='lat' dir='ltr'><strong>appellari</strong></span> <span class='ocrx_word' id='word_1_401' title='bbox 863 5003 967 5085; x_wconf 89' lang='lat' dir='ltr'><strong>potuit</strong></span> <span class='ocrx_word' id='word_1_402' title='bbox 980 5003 1119 5064; x_wconf 84' lang='lat' dir='ltr'><strong>Zachara</strong></span> <span class='ocrx_word' id='word_1_403' title='bbox 1131 5001 1253 5066; x_wconf 82' lang='lat' dir='ltr'><strong>Mahel:</strong></span> <span class='ocrx_word' id='word_1_404' title='bbox 1269 5005 1444 5084; x_wconf 89' lang='lat' dir='ltr'><strong>sepulcrum</strong></span> <span class='ocrx_word' id='word_1_405' title='bbox 1458 5011 1561 5066; x_wconf 90' lang='lat' dir='ltr'><strong>autem</strong></span> <span class='ocrx_word' id='word_1_406' title='bbox 1581 5002 1706 5064; x_wconf 87' lang='lat' dir='ltr'><strong>ubinam</strong></span> 
     </span>
     <span class='ocr_line' id='line_1_39' title="bbox 271 5098 1708 5183; baseline -0.002 -19"><span class='ocrx_word' id='word_1_407' title='bbox 271 5101 576 5183; x_wconf 70' lang='grc'><strong>101000100001000</strong></span> <span class='ocrx_word' id='word_1_408' title='bbox 597 5103 758 5165; x_wconf 82' lang='lat' dir='ltr'><strong>constabat</strong></span> <span class='ocrx_word' id='word_1_409' title='bbox 785 5108 922 5182; x_wconf 90' lang='lat' dir='ltr'><strong>tempore</strong></span> <span class='ocrx_word' id='word_1_410' title='bbox 950 5100 1089 5178; x_wconf 89' lang='lat' dir='ltr'><strong>Eusebii,</strong></span> <span class='ocrx_word' id='word_1_411' title='bbox 1109 5099 1167 5162; x_wconf 90' lang='lat' dir='ltr'><strong>sed</strong></span> <span class='ocrx_word' id='word_1_412' title='bbox 1190 5119 1251 5162; x_wconf 90' lang='grc'><strong>000</strong></span> <span class='ocrx_word' id='word_1_413' title='bbox 1277 5101 1369 5180; x_wconf 79' lang='lat' dir='ltr'><strong>longe</strong></span> <span class='ocrx_word' id='word_1_414' title='bbox 1395 5100 1435 5162; x_wconf 91' lang='lat' dir='ltr'><strong>ab</strong></span> <span class='ocrx_word' id='word_1_415' title='bbox 1463 5098 1708 5178; x_wconf 87' lang='lat' dir='ltr'><strong>Eleutheropoli.</strong></span> 
     </span>
     <span class='ocr_line' id='line_1_40' title="bbox 271 5195 1707 5279; baseline -0.005 -17"><span class='ocrx_word' id='word_1_416' title='bbox 271 5197 506 5264; x_wconf 64' lang='lat' dir='ltr'><strong>ostendebatur</strong></span> <span class='ocrx_word' id='word_1_417' title='bbox 524 5200 607 5263; x_wconf 92' lang='lat' dir='ltr'><strong>enim</strong></span> <span class='ocrx_word' id='word_1_418' title='bbox 626 5201 659 5262; x_wconf 93' lang='grc'><strong>10</strong></span> <span class='ocrx_word' id='word_1_419' title='bbox 679 5199 796 5262; x_wconf 89' lang='lat' dir='ltr'><strong>Echela</strong></span> <span class='ocrx_word' id='word_1_420' title='bbox 815 5200 948 5279; x_wconf 86' lang='lat' dir='ltr'><strong>septimo</strong></span> <span class='ocrx_word' id='word_1_421' title='bbox 969 5199 1109 5276; x_wconf 87' lang='lat' dir='ltr'><strong>miliario,</strong></span> <span class='ocrx_word' id='word_1_422' title='bbox 1130 5199 1163 5260; x_wconf 93' lang='lat' dir='ltr'><strong>in</strong></span> <span class='ocrx_word' id='word_1_423' title='bbox 1185 5199 1273 5260; x_wconf 84' lang='lat' dir='ltr'><strong>Oeila</strong></span> <span class='ocrx_word' id='word_1_424' title='bbox 1292 5206 1410 5278; x_wconf 83' lang='lat' dir='ltr'><strong>octavo,</strong></span> <span class='ocrx_word' id='word_1_425' title='bbox 1424 5199 1458 5266; x_wconf 88' lang='lat' dir='ltr'><strong>in</strong></span> <span class='ocrx_word' id='word_1_426' title='bbox 1478 5197 1621 5259; x_wconf 81' lang='lat' dir='ltr'><strong>Gabatha</strong></span> <span class='ocrx_word' id='word_1_427' title='bbox 1635 5195 1707 5256; x_wconf 81' lang='lat' dir='ltr'><strong>dno</strong></span> 
     </span>
     <span class='ocr_line' id='line_1_41' title="bbox 273 5293 1705 5377; baseline -0.002 -18"><span class='ocrx_word' id='word_1_428' title='bbox 273 5297 401 5361; x_wconf 86' lang='lat' dir='ltr'><strong>decimo.</strong></span> <span class='ocrx_word' id='word_1_429' title='bbox 423 5299 487 5360; x_wconf 85' lang='lat' dir='ltr'><strong>Sub</strong></span> <span class='ocrx_word' id='word_1_430' title='bbox 497 5299 671 5362; x_wconf 72' lang='lat' dir='ltr'><strong>Theodosio</strong></span> <span class='ocrx_word' id='word_1_431' title='bbox 691 5299 852 5362; x_wconf 85' lang='lat' dir='ltr'><strong>inventum</strong></span> <span class='ocrx_word' id='word_1_432' title='bbox 873 5305 923 5360; x_wconf 91' lang='grc'><strong>001</strong></span> <span class='ocrx_word' id='word_1_433' title='bbox 936 5317 1046 5377; x_wconf 86' lang='lat' dir='ltr'><strong>corpus</strong></span> <span class='ocrx_word' id='word_1_434' title='bbox 1059 5298 1205 5360; x_wconf 90' lang='lat' dir='ltr'><strong>Habacuc</strong></span> <span class='ocrx_word' id='word_1_435' title='bbox 1218 5296 1388 5376; x_wconf 86' lang='lat' dir='ltr'><strong>prophetae</strong></span> <span class='ocrx_word' id='word_1_436' title='bbox 1402 5297 1435 5358; x_wconf 89' lang='lat' dir='ltr'><strong>in</strong></span> <span class='ocrx_word' id='word_1_437' title='bbox 1452 5297 1528 5360; x_wconf 84' lang='lat' dir='ltr'><strong>Oela</strong></span> <span class='ocrx_word' id='word_1_438' title='bbox 1540 5297 1573 5356; x_wconf 91' lang='lat' dir='ltr'><strong>in</strong></span> <span class='ocrx_word' id='word_1_439' title='bbox 1586 5293 1705 5356; x_wconf 88' lang='lat' dir='ltr'><strong>ditione</strong></span> 
     </span>
     <span class='ocr_line' id='line_1_42' title="bbox 274 5393 1293 5476; baseline -0.002 -20"><span class='ocrx_word' id='word_1_440' title='bbox 274 5393 596 5476; x_wconf 86' lang='lat' dir='ltr'><strong>Eleutheropolitanae</strong></span> <span class='ocrx_word' id='word_1_441' title='bbox 619 5397 778 5474; x_wconf 86' lang='lat' dir='ltr'><strong>ecclesiae,</strong></span> <span class='ocrx_word' id='word_1_442' title='bbox 799 5397 916 5457; x_wconf 83' lang='lat' dir='ltr'><strong>Sozam.</strong></span> <span class='ocrx_word' id='word_1_443' title='bbox 937 5395 978 5456; x_wconf 91' lang='grc' dir='ltr'><strong>Η.</strong></span> <span class='ocrx_word' id='word_1_444' title='bbox 999 5395 1036 5457; x_wconf 87' lang='lat' dir='ltr'><strong>E.</strong></span> <span class='ocrx_word' id='word_1_445' title='bbox 1057 5393 1222 5472; x_wconf 79' lang='lat' dir='ltr'><strong>1.V11,v.</strong></span> <span class='ocrx_word' id='word_1_446' title='bbox 1244 5395 1293 5454; x_wconf 81' lang='lat'><strong>29.</strong></span> 
     </span>
     <span class='ocr_line' id='line_1_43' title="bbox 276 5491 1705 5575; baseline -0.003 -18"><span class='ocrx_word' id='word_1_447' title='bbox 276 5519 282 5532; x_wconf 89' lang='lat'>·</span> <span class='ocrx_word' id='word_1_448' title='bbox 352 5495 471 5557; x_wconf 72' lang='lat' dir='ltr'><strong>‘Asea</strong></span> <span class='ocrx_word' id='word_1_449' title='bbox 490 5503 565 5575; x_wconf 86' lang='lat' dir='ltr'><strong>puto</strong></span> <span class='ocrx_word' id='word_1_450' title='bbox 579 5493 686 5557; x_wconf 61' lang='lat' dir='ltr'><strong>*fuisse</strong></span> <span class='ocrx_word' id='word_1_451' title='bbox 706 5495 792 5556; x_wconf 80' lang='lat' dir='ltr'><strong>Asau</strong></span> <span class='ocrx_word' id='word_1_452' title='bbox 812 5493 949 5568; x_wconf 88' lang='lat' dir='ltr'><strong>Eusebii,</strong></span> <span class='ocrx_word' id='word_1_453' title='bbox 964 5493 1067 5556; x_wconf 91' lang='lat' dir='ltr'><strong>vicum</strong></span> <span class='ocrx_word' id='word_1_454' title='bbox 1088 5495 1127 5554; x_wconf 90' lang='lat' dir='ltr'><strong>ab</strong></span> <span class='ocrx_word' id='word_1_455' title='bbox 1140 5491 1231 5554; x_wconf 86' lang='lat' dir='ltr'><strong>Aelia</strong></span> <span class='ocrx_word' id='word_1_456' title='bbox 1244 5491 1388 5555; x_wconf 88' lang='lat' dir='ltr'><strong>milliario</strong></span> <span class='ocrx_word' id='word_1_457' title='bbox 1409 5491 1652 5572; x_wconf 84' lang='lat' dir='ltr'><strong>quintodecimo:</strong></span> <span class='ocrx_word' id='word_1_458' title='bbox 1667 5505 1705 5554; x_wconf 89' lang='lat' dir='ltr'><strong>eo</strong></span> 
     </span>
     <span class='ocr_line' id='line_1_44' title="bbox 275 5589 1595 5674; baseline -0.002 -18"><span class='ocrx_word' id='word_1_459' title='bbox 275 5589 340 5656; x_wconf 92' lang='grc'><strong>1000</strong></span> <span class='ocrx_word' id='word_1_460' title='bbox 361 5589 515 5658; x_wconf 80' lang='lat' dir='ltr'><strong>Hesdram</strong></span> <span class='ocrx_word' id='word_1_461' title='bbox 535 5593 691 5657; x_wconf 86' lang='lat' dir='ltr'><strong>conditum</strong></span> <span class='ocrx_word' id='word_1_462' title='bbox 713 5613 782 5657; x_wconf 85' lang='lat' dir='ltr'><strong>esse</strong></span> <span class='ocrx_word' id='word_1_463' title='bbox 802 5590 951 5655; x_wconf 86' lang='lat' dir='ltr'><strong>hactenus</strong></span> <span class='ocrx_word' id='word_1_464' title='bbox 965 5593 1288 5674; x_wconf 83' lang='lat' dir='ltr'><strong>erat·incompertum.</strong></span> <span class='ocrx_word' id='word_1_465' title='bbox 1342 5621 1366 5638; x_wconf 82' lang='lat'><strong>··</strong></span> <span class='ocrx_word' id='word_1_466' title='bbox 1409 5603 1414 5636; x_wconf 75' lang='lat'><em>³</em></span> <span class='ocrx_word' id='word_1_467' title='bbox 1433 5622 1456 5638; x_wconf 93' lang='lat'><strong>·-</strong></span> <span class='ocrx_word' id='word_1_468' title='bbox 1491 5623 1493 5630; x_wconf 49' lang='lat'><strong>⁴</strong></span> <span class='ocrx_word' id='word_1_469' title='bbox 1592 5623 1595 5630; x_wconf 65' lang='lat'>=</span> 
     </span>
    </p>
   </div>
   <div class='ocr_carea' id='block_1_4' title="bbox 0 0 2306 6560">
    <p class='ocr_par' dir='ltr' id='par_1_6' title="bbox 0 0 2306 6560">
     <span class='ocr_line' id='line_1_45' title="bbox 0 0 2306 6560; baseline 0 2"><span class='ocrx_word' id='word_1_470' title='bbox 0 0 2306 6560; x_wconf 95' lang='lat' dir='ltr'><strong> </strong></span> 
     </span>
    </p>
   </div>
  </div>
 </body>
</html>
