4622 6572
747 692 806 821 S.
869 685 1308 820 SILVIAE

493 941 967 1020 PEREGRINATIO
1009 939 1086 1013 AD
1128 935 1280 1010 LOCA
1323 930 1562 1008 SANCTA

868 1155 988 1230 ANN.
1019 1153 1193 1228 385-388

895 1795 1013 1876 (Multa
1033 1793 1158 1874 desunt)

307 2288 355 2361 ad
380 2287 586 2382 quemdam
613 2286 752 2374 locum,
774 2283 840 2356 ubi
860 2303 924 2356 sex
943 2285 1075 2355 tamen
1094 2281 1245 2352 montes
1264 2275 1332 2367 illi,
1348 2277 1450 2351 inter
1478 2297 1572 2371 ques
1587 2275 1748 2363 ibamus,

307 2413 530 2508 aperiebant
558 2395 818 2484 et'faciebant
845 2405 987 2482 vallem
1028 2403 1219 2478 infinitam
1252 2393 1412 2498 ingens²
1453 2400 1674 2498 planissima
1710 2401 1750 2472 et

307 2539 419 2614 valde
433 2537 644 2634 pulchram,
665 2538 705 2610 et
723 2537 832 2608 trans
852 2532 994 2608 vallem
1014 2531 1224 2627 apparebat
1242 2551 1351 2602 mons
1373 2530 1528 2602 sanctus
1546 2527 1616 2600 Dei
1633 2525 1747 2623 Syna.

307 2663 380 2738 Hic
407 2664 540 2736 autem
568 2662 687 2752 locus,
716 2658 785 2732 ubi
812 2680 853 2733 se
880 2660 1030 2731 montes
1058 2655 1293 2751 aperiebant,
1324 2655 1477 2728 iunctus
1501 2656 1560 2727 est
1588 2675 1674 2727 cum
1704 2673 1749 2726 eo

309 2794 404 2882 loco,
425 2812 501 2886 quo
522 2791 613 2863 sunt
639 2785 845 2861 memoriae
874 2782 1211 2878 concupiscentiae.
1232 2781 1278 2853 In
1296 2803 1340 2854 eo
1360 2801 1451 2876 ergo
1469 2779 1553 2853 loco
1572 2801 1658 2854 cum
1683 2800 1748 2853 ve·

309 2917 429 3006 nitur,
460 2918 506 2989 ut
532 2919 664 2988 tamen
691 2912 1005 2985 commonueram
1034 2907 1259 2982 deductores
1290 2907 1413 2980 sancti
1440 2904 1509 2994 illi,
1539 2903 1605 2998 qui
1640 2904 1748 2978 nobi-

313 3063 419 3116 scum
448 3042 571 3128 erant,
601 3037 788 3110 dicentes:
818 3031 1061 3108 Consuetudo
1090 3035 1160 3118 est,
1189 3033 1236 3104 ut
1263 3029 1333 3103 fiat
1358 3029 1421 3102 hic
1448 3027 1572 3102 oratio
1601 3029 1648 3101 ab
1688 3029 1749 3101 his

311 3167 378 3262 qui
405 3163 578 3253 veniunt,
608 3160 759 3256 quando
789 3159 834 3234 de
862 3180 907 3232 eo
931 3159 1014 3232 loco
1033 3157 1211 3252 primitus
1231 3155 1385 3230 videtur
1403 3175 1511 3228 mons
1539 3153 1621 3228 Dei.
1642 3153 1750 3227 Sicut

312 3294 353 3366 et
380 3313 449 3364 nos
477 3289 645 3363 fecimus.
674 3286 853 3360 Habebat
881 3287 1012 3358 autem
1040 3284 1086 3357 de
1113 3305 1158 3357 eo
1186 3283 1269 3356 loco
1298 3281 1347 3354 ad
1374 3283 1543 3354 montem
1572 3279 1645 3353 Dei
1672 3279 1748 3352 for-

316 3416 418 3490 sitan
447 3417 633 3510 quattuor
660 3411 768 3485 milia
794 3413 923 3483 totum
950 3409 1145 3504 pervelle
1173 3408 1253 3498 illa,
1282 3431 1397 3502 quam
1425 3406 1504 3480 dixi
1531 3406 1677 3500 ingens,

392 3539 513 3613 Vallis
531 3529 544 3574 ³
563 3539 693 3612 autem
712 3537 794 3630 ipsa
814 3535 945 3630 ingens
969 3537 1028 3607 est
1046 3533 1170 3623 valde,
1190 3533 1315 3606 iacens
1334 3532 1466 3606 subter
1484 3531 1588 3605 latus
1607 3530 1750 3604 montis

308 3665 391 3756 Dei,
407 3685 505 3760 quae
523 3663 641 3737 habet
659 3637 821 3736 forsitan
842 3661 1045 3756 (quantum
1066 3659 1261 3755 potuimus
1279 3657 1453 3732 videntes
1472 3655 1662 3747 estimare,
1680 3659 1751 3730 aut

390 3959 399 3994 ¹
423 3958 675 4020 Ostendebantur
699 3959 785 4019 iuxta
813 3956 982 4036 scripturas
1007 3959 1091 4035 loca,
1112 3977 1190 4034 quae
1218 3957 1487 4034 Concupiscuntur
1510 3960 1654 4035 scpulcra
1678 3965 1752 4019 suut

309 4058 465 4138 appellata
486 4057 588 4138 (Num.
609 4057 669 4133 XI,
691 4057 755 4138 34):
777 4063 865 4116 erant
886 4075 923 4116 ea
943 4057 1085 4135 sepulcra
1104 4055 1232 4134 rupibus
1258 4055 1362 4116 excisa
1389 4075 1477 4117 secus
1503 4056 1565 4116 iter
1585 4077 1603 4116 a
1623 4055 1751 4116 civitate

308 4159 409 4218 Faran
430 4156 469 4216 ad
490 4163 625 4216 montem
647 4155 740 4230 Sinai,
762 4154 884 4232 inipso
906 4155 1040 4215 transitu
1060 4153 1152 4214 immo
1175 4153 1260 4214 exitu
1279 4153 1437 4232 montium,
1458 4154 1510 4231 qui
1531 4154 1645 4216 vallem
1666 4153 1751 4214 Sinai

309 4255 455 4316 claudunt
474 4255 513 4314 ad
540 4254 706 4316 favonium.
727 4253 767 4313 Id
796 4273 834 4313 ex
861 4253 1009 4314 orationis
1030 4247 1175 4313 contextu
1195 4252 1276 4312 clare
1298 4251 1469 4331 deducitur,
1491 4259 1582 4330 atque
1604 4271 1642 4312 ex
1655 4251 1750 4312 Petro

308 4355 455 4431 Diacono,
484 4352 536 4432 qui
557 4354 711 4415 anteriora
737 4373 817 4412 nuno
845 4353 985 4414 abscissa
1008 4351 1084 4412 folia
1107 4349 1197 4429 vidit,
1224 4359 1257 4412 et
1280 4350 1424 4428 quicquid
1449 4349 1488 4410 ad
1515 4349 1751 4429 topographiam

309 4461 430 4533 spectat
451 4452 586 4514 fideliter
606 4451 802 4531 exemplavit.
818 4451 906 4514 Idem
926 4458 1036 4530 postea
1056 4451 1089 4510 in
1109 4451 1212 4512 reditu
1226 4451 1357 4530 amplius
1371 4449 1422 4510 his
1435 4450 1541 4511 verbis
1563 4449 1751 4530 explicatur:

311 4549 482 4613 «Vidimus
504 4550 599 4610 etiam
619 4549 651 4608 in
673 4555 809 4608 extrema
829 4548 892 4610 iam
912 4547 994 4610 valle
1016 4547 1085 4626 ipsa
1105 4546 1267 4607 memorias
1289 4545 1571 4626 concupiscentiae.
1583 4591 1607 4607 ..
1628 4547 1687 4606 hoc
1702 4553 1752 4606 est

309 4648 363 4709 ubi
377 4652 526 4708 exeuntes
542 4644 581 4706 de
594 4647 675 4707 valle
689 4645 744 4706 illa
756 4645 883 4723 grande,
897 4643 1068 4722 reingressi
1083 4663 1187 4705 sumus
1201 4644 1253 4704 via
1267 4664 1326 4721 qua
1340 4655 1521 4705 veneramus
1535 4643 1751 4706 intermontes

309 4748 391 4826 illos,
411 4764 488 4823 quos
510 4743 652 4822 superius
673 4743 849 4804 dixeram.»

389 4841 535 4904 ²Omnia
556 4841 595 4904 ad
616 4840 709 4902 fidem
730 4839 855 4902 codicis.
878 4839 979 4913 Quum
1005 4861 1067 4902 non
1091 4841 1246 4921 possimus
1274 4839 1428 4920 arbitrari,
1456 4841 1636 4902 monachum
1663 4859 1752 4902 ama-

309 4962 456 5004 nuensem
478 4939 628 5001 eiusmodi
649 4958 770 5000 errores
791 4939 992 5018 commisisse,
1014 4947 1104 5017 atque
1126 4940 1307 5002 vernaculos
1327 4939 1435 5001 modos
1455 4938 1634 5018 inseruisse,
1652 4939 1751 4999 scien-

310 5050 368 5120 tes,
383 5059 460 5117 qnae
474 5037 553 5099 fides
567 5057 645 5115 quae
660 5037 824 5116 diligentie
837 5038 870 5099 iu
883 5037 972 5098 libris
986 5037 1229 5100 transcribendis
1249 5037 1331 5117 apud
1346 5038 1532 5100 Oasineuses
1547 5044 1646 5116 esset;
1665 5038 1752 5100 exis-

310 5135 447 5196 timanda
466 5135 591 5214 plurimi
611 5135 700 5196 nobis
721 5143 794 5197 suut
815 5135 925 5214 omnia,
947 5155 1024 5213 quae
1045 5155 1133 5196 suum
1148 5135 1264 5197 codicis
1279 5135 1486 5212 antiquissimi
1503 5155 1601 5214 genus
1615 5142 1752 5216 servent,

310 5241 343 5295 et
363 5233 605 5312 simplicitatem,
627 5253 686 5310 qua
706 5234 759 5312 pia
779 5232 914 5294 foemina
934 5233 1072 5294 libellum
1093 5235 1248 5311 exarabat,
1269 5233 1320 5294 vel
1341 5233 1489 5295 dictabat.

390 5331 402 5367 ³
416 5331 518 5393 Vallis
539 5331 633 5392 hodie
654 5339 781 5394 vocatur
796 5333 966 5410 el-Rabob,
981 5330 1037 5392 aed
1052 5331 1129 5392 alias
1145 5331 1342 5392 describitur.
1363 5331 1529 5393 Affirmant
1543 5333 1625 5394 euim
1639 5333 1753 5396 vallem

311 5429 453 5508 exiguam
474 5448 544 5490 esse
565 5450 627 5490 non
647 5429 816 5507 ingentem,
837 5447 895 5492 uec
915 5435 1061 5506 quattuor
1081 5427 1138 5490 sed
1157 5427 1224 5489 fere
1246 5427 1365 5489 duobus
1392 5429 1530 5491 millibus
1551 5431 1753 5512 passuum-in

310 5525 416 5604 latum,
438 5547 516 5603 quae
536 5525 668 5588 latitudo
689 5525 722 5586 in
742 5525 868 5604 longum
895 5525 1079 5606 duplicatur.
1100 5526 1145 5586 At
1172 5525 1206 5586 id
1232 5526 1468 5604 intelligendum
1497 5535 1546 5590 cst
1575 5531 1626 5612 (ex
1647 5547 1752 5591 eorum
