4622 6572
670 667 749 714 XXIV
1294 660 1478 707 PRAEFATIO

1728 749 2111 760 mm

668 885 735 959 nai
762 908 786 958 a
812 883 930 958 Moise
966 885 1186 974 narrantur,
1229 902 1402 979 quaeque
1443 881 1717 954 monachorum
1755 879 1878 974 pietas
1917 876 2112 974 significa·

670 1029 750 1120 bat,
779 1029 829 1102 ad
855 1028 981 1101 Faran
1007 1049 1074 1124 per
1102 1024 1274 1101 eamdem
1302 1023 1532 1099 laboriosam
1551 1025 1655 1098 vium
1674 1022 1828 1098 reduxit
1847 1023 1996 1120 pedem,
2017 1043 2113 1095 mox

669 1195 777 1249 secus
805 1193 909 1247 mars
936 1171 1097 1246 rubrum
1124 1168 1329 1266 procedens
1358 1167 1482 1242 denuo
1511 1167 1561 1242 ad
1589 1167 1742 1265 Clysma
1770 1168 1958 1264 pervenit.
1980 1165 2113 1252 Quum

669 1338 761 1392 vero
788 1315 871 1412 ipsa
897 1313 1118 1396 revisendae
1136 1315 1264 1388 terrae
1284 1311 1424 1387 Gessen
1443 1311 1626 1406 flagraret
1644 1309 1784 1402 studio,
1803 1313 1851 1384 ut
1873 1311 2111 1400 mansiones

670 1481 769 1558 quae
797 1460 837 1534 in
863 1458 994 1534 Exodo
1012 1457 1196 1554 leguntur
1215 1457 1264 1529 ab
1283 1456 1378 1530 urbe
1396 1455 1578 1530 Ramesse
1597 1454 1646 1528 ad
1665 1476 1770 1550 mare
1793 1454 1966 1544 rubrum,
1987 1453 2112 1529 oculis

669 1605 747 1680 suis
775 1602 1030 1694 confirmaret,
1058 1601 1156 1675 illud
1182 1601 1255 1674 sibi
1282 1600 1520 1696 propositum
1547 1600 1621 1674 iter
1650 1601 1828 1695 suscepit.
1857 1598 2006 1674 Relicto
2036 1599 2110 1694 igi·

667 1751 735 1823 tur
762 1747 956 1845 clysmate
975 1749 1092 1842 atque
1120 1745 1169 1819 ad
1186 1746 1337 1820 laevam
1355 1743 1528 1841 proximo
1548 1745 1689 1833 moute,
1709 1742 1823 1817 hodie
1841 1741 1971 1836 tituto,
1996 1743 2112 1818 novit
2142 1791 2146 1798 ·

668 1891 897 1967 Phihairoth
924 1893 965 1966 et
996 1889 1219 1984 Magdalum
1253 1891 1293 1964 et
1327 1886 1583 1981 Beelsephon:
1623 1886 1663 1959 in
1696 1886 1846 1961 deserto
1882 1891 1968 1961 urat
2005 1887 2111 1962 Oton

668 2033 898 2130 appositum,
928 2009 1117 2107 Socchoth
1144 2031 1185 2104 in
1212 2030 1325 2120 valle,
1347 2051 1444 2126 quae
1471 2028 1634 2103 fortasse
1653 2029 1765 2104 hodie
1792 2030 1906 2121 Wody
1928 2021 2108 2104 ’.Γαυιὶῑαί1

669 2174 905 2250 nominatur.
920 2173 1254 2270 Appropinquavit
1282 2171 1418 2245 deinde
1438 2171 1588 2246 civitati
1607 2171 1775 2263 Pithom,
1797 2193 1892 2268 qnae
1919 2195 2043 2268 nuper
2061 2173 2108 2248 cl.

668 2317 743 2393 viri
770 2316 812 2392 E.
841 2316 996 2392 Naville
1023 2339 1172 2390 summa
1200 2314 1391 2389 industria
1423 2315 1620 2411 recognita
1646 2317 1706 2390 est
1738 2338 1783 2390 ac
1818 2315 1898 2390 fere
1937 2316 2110 2392 excitata

556 2521 560 2528 .
668 2459 710 2533 in
727 2459 810 2534 loco
831 2458 932 2534 dicto
952 2448 1319 2532 Tell-et·Mosdtuto⁹.
1334 2457 1421 2532 Mor
1436 2457 1680 2553 Heroopolim
1696 2459 1854 2532 tantum
1867 2479 2005 2534 novem
2020 2459 2108 2533 mil·

669 2602 791 2677 liariis
819 2627 843 2680 a
870 2603 1026 2678 Pithom
1045 2602 1219 2677 dissitam
1239 2595 1423 2678 accedit³.
1435 2603 1438 2609 '
1452 2601 1661 2678 Duodecim
1679 2606 1810 2678 autem
1831 2602 1880 2676 ab
1899 2601 2110 2700 Heroopoli
2241 2647 2242 2650 κ

668 2772 830 2847 magnae
856 2751 1058 2825 iacuerunt
1084 2750 1219 2824 ruinae
1247 2749 1425 2823 Ramesse
1454 2749 1558 2824 urbis
1591 2749 1808 2824 faraonicae
1822 2744 1845 2840 ⁴,
1875 2771 1971 2845 quas
2009 2748 2106 2824 Ara-

668 2891 755 2967 biae
787 2891 983 2988 episcopus
1018 2912 1152 2970 verum
1181 2889 1216 2964 ai
1243 2889 1397 2964 obviam
1425 2890 1631 2984 procedens
1664 2889 1871 2984 indicabat,
1900 2913 1978 2965 non
2012 2893 2109 2966 satis

599 3129 603 3138 .
669 3035 765 3109 bene
783 3033 1008 3129 exponebat.
1029 3033 1085 3106 Ex
1103 3032 1246 3126 Arabia
1273 3031 1433 3106 civitate
1461 3031 1549 3105 dein
1577 3031 1693 3107 biduo
1720 3034 1806 3108 loca
1834 3055 1997 3108 amoena
2016 3033 2109 3108 Ges·
2143 3093 2148 3098 .

668 3199 737 3252 sen
754 3177 974 3273 peragravit
992 3198 1113 3273 usque
1139 3176 1188 3250 ad
1207 3175 1356 3267 Tanim,
1385 3197 1579 3271 quumque
1599 3179 1732 3252 autem
1751 3177 1855 3252 viam
1873 3178 1951 3251 iam
1970 3181 2107 3254 notam

669 3318 879 3410 habuisset,
906 3317 1022 3392 inivit
1048 3315 1365 3414 Hierosolymam.
1900 3411 1904 3418 Ι

749 3459 907 3536 Sextum
936 3461 1010 3534 iter
1037 3460 1086 3533 ad
1115 3461 1284 3533 montom
1301 3459 1449 3534 'Nabau
1459 3449 1485 3550 ⁵,
1513 3460 1575 3535 vel
1603 3460 1721 3551 Nebo,
1753 3461 1819 3535 ubi
1837 3483 1859 3537 e
1878 3449 1965 3536 vita'
1980 3483 2106 3538 exces-

750 3745 903 3824 ¹Perugr.
925 3765 956 3824 p.
977 3745 1036 3806 47:
1061 3743 1242 3805 ‹Sooohoth
1263 3749 1368 3804 autem
1389 3747 1439 3804 est
1459 3741 1559 3803 clivus
1581 3742 1720 3804 modicus
1733 3743 1766 3803 in
1779 3742 1880 3804 media
1899 3742 2021 3805 valle.»
2037 3743 2109 3806 Non

666 3844 759 3923 longe
780 3849 847 3904 erut
868 3863 886 3903 a
906 3841 1041 3920 Pithom,
1061 3847 1098 3903 nt
1125 3860 1163 3901 ex
1182 3841 1387 3902 monumentis
1407 3839 1603 3920 pharaonicis
1625 3839 1786 3903 uNaville
1801 3840 1935 3920 repertis
1950 3840 2109 3920 colligitur

669 3945 710 4026 (o.
731 3963 758 4005 o.
778 3963 809 4022 p.
832 3944 879 4020 13,
901 3950 933 4004 et
954 3941 1062 4023 seqq.).
1149 3975 1151 3982 ,

749 4039 901 4102 ²Naville
922 4039 958 4100 E.
977 4041 1038 4101 The
1052 4037 1190 4102 atme-
1202 4043 1263 4117 city
1283 4038 1322 4118 of
1336 4039 1467 4112 Pictum,
1491 4041 1554 4099 aad
1575 4041 1623 4099 roe
1643 4046 1732 4099 route
1752 4040 1791 4120 of
1807 4041 1854 4099 tto
1869 4041 2011 4118 Euodus,
2026 4041 2107 4100 Lou-

669 4140 740 4214 don,
762 4137 850 4199 1885.
1505 4204 1507 4210 ,

749 4235 900 4298 ³Pith0m
921 4241 954 4297 et
973 4235 1175 4315 Heroopolim
1195 4255 1286 4297 unam
1300 4235 1398 4298 fuisse
1413 4235 1572 4297 civitatem
1586 4234 1747 4298 contendit
1760 4234 1884 4297 Naville
1900 4235 1941 4316 (o.
1956 4255 1982 4296 c.
1997 4256 2027 4315 p.
2042 4235 2106 4316 ὅθ)

670 4335 859 4414 argumentis
878 4333 1048 4397 levioribus
1067 4334 1169 4398 fretus
1189 4342 1295 4396 contra
1315 4335 1510 4412 antiquorum
1523 4353 1706 4395 consensum
1719 4353 1812 4394 unam
1826 4334 1864 4394 ab
1883 4333 1983 4396 altera
2002 4333 2110 4395 distin·

669 4433 839 4513 guentium.
860 4432 945 4495 Illud
966 4434 1049 4494 enim
1071 4433 1100 4495 ei
1121 4454 1229 4513 parum
1256 4433 1404 4513 prodesse
1431 4433 1508 4493 mihi
1536 4433 1670 4511 videtur,
1698 4432 1781 4511 quod
1802 4433 1905 4495 versio
1929 4432 2051 4514 coptica
2070 4453 2110 4494 ex

669 4551 780 4612 gruem
800 4531 902 4604 Ἠρώων
921 4534 993 4585 πόλιν
1015 4531 1141 4614 (Genus.
1163 4553 1190 4594 o.
1211 4531 1328 4608 XLVI,
1351 4533 1402 4611 28)
1424 4532 1457 4592 in
1477 4531 1603 4592 Pithom
1630 4531 1779 4598 biblicum
1806 4532 2002 4593 trsatulerit:
2031 4551 2109 4610 quae

667 4630 824 4693 nominum
844 4629 982 4693 confusio
1004 4638 1071 4692 orta
1092 4637 1142 4693 est
1162 4629 1297 4692 fortasse
1318 4650 1356 4692 ex
1368 4630 1477 4690 harum
1490 4629 1611 4691 urbium
1626 4630 1863 4710 propinquitate.
1885 4630 1967 4692 Huic
1988 4637 2110 4692 senten·

669 4729 733 4791 tiae
752 4728 924 4808 Peregrina
949 4728 1196 4790 luculentissime
1224 4727 1343 4790 accedit
1364 4729 1407 4808 (p.
1427 4729 1489 4808 48):
1514 4749 1621 4790 «nunc
1641 4729 1776 4790 Phitona
1803 4734 1941 4791 castrum
1962 4735 2021 4791 est.
2047 4729 2108 4790 He»

669 4849 757 4892 roum
777 4835 880 4891 antem
899 4828 1049 4892 civitas.»
1071 4828 1214 4891 Necnon
1227 4849 1292 4890 rem
1309 4828 1477 4907 confirmat,
1496 4847 1574 4907 quae
1589 4829 1737 4891 interval
1751 4849 1846 4909 prope
1860 4830 1967 4891 ruinas
1981 4829 2108 4891 Pithom

667 4934 793 5007 reperta
813 4934 863 4989 est
882 4927 1009 5005 undqua
1028 4926 1189 5006 inscriptio
1210 4947 1321 4989 novem
1342 4926 1519 4989 milliarium
1539 4927 1578 4988 ab
1598 4926 1656 4988 hac
1677 4927 1716 4987 ad
1738 4928 1810 5005 ltro,
1824 4935 1862 4988 ut
1875 4927 2105 5007 explicavimus,

668 5025 866 5088 intervallum
885 5023 1061 5087 admonens.
1083 5025 1228 5105 Vestigia
1253 5025 1348 5112 etiam
1368 5025 1439 5087 viae
1460 5044 1603 5086 romanae
1624 5024 1707 5104 apud
1731 5027 2015 5089 Tell-cl-Mauktutn
2045 5046 2106 5089 oen

668 5133 790 5202 nnntur,
811 5143 889 5203 quae
910 5124 937 5186 si
959 5123 1048 5200 sequi
1068 5129 1197 5203 possent
1217 5123 1257 5185 ad
1277 5125 1377 5186 locum
1397 5123 1610 5204 Heroopoleos
1631 5125 1789 5187 ducerent.

748 5223 922 5287 ⁴Societati
943 5223 1102 5301 Anglicau,
1124 5223 1164 5285 ad
1184 5224 1323 5305 Aegypti
1343 5224 1545 5303 antiquitates
1568 5224 1772 5303 explorandas
1794 5226 1992 5301 constitutae,
2015 5224 2108 5288 valde

669 5331 875 5403 opportunum
895 5320 1034 5382 futurum
1054 5341 1124 5382 esse
1145 5340 1267 5400 censeo,
1289 5322 1317 5384 si
1335 5323 1504 5402 regionem,
1518 5321 1552 5381 in
1565 5340 1627 5399 qua
1646 5323 1720 5384 urbs
1734 5323 1886 5386 Ramesse
1901 5344 1919 5385 a
1936 5323 2107 5403 Peregrina

669 5421 834 5499 indicatur,
854 5420 1092 5502 per-vestigaret.

750 5519 905 5599 ‘Perega
925 5537 956 5598 p.
979 5517 1077 5579 tlte.
