4604 6560
595 583 658 652 104
1087 601 1114 651 s.
1139 600 1271 646 sravrna
1296 599 1542 648 ssonurusnrro

594 822 745 919 phonae
773 843 892 917 usque
920 821 969 894 ad
997 821 1119 896 lucem
1148 822 1331 896 dicuntur
1355 822 1461 921 ymni
1490 821 1690 897 Anastase.
1729 821 1768 898 Si
1804 827 1936 898 autem
1969 823 2032 898 do-

596 949 735 1023 minica
763 948 843 1023 dies
871 969 948 1022 non
977 950 1046 1038 est,
1066 949 1223 1022 tantum
1251 937 1353 1043 quod
1381 946 1489 1044 ymni
1517 948 1579 1024 vel
1605 947 1837 1043 antiphonae
1856 949 2032 1022 similiter

596 1072 642 1147 de
670 1071 777 1168 pullo
796 1071 918 1166 primo
938 1094 1059 1168 usque
1078 1072 1127 1145 ad
1146 1072 1269 1146 lucem
1288 1073 1471 1146 dicuntur
1489 1072 1529 1145 in
1556 1072 1756 1146 Anasta-se.
1786 1071 2033 1168 Aputactitae

597 1219 727 1272 omnes
754 1197 917 1272 vadent:
947 1196 994 1272 de
1022 1197 1130 1294 plebe
1159 1201 1302 1287 autem,
1332 1197 1399 1293 qui
1432 1196 1622 1293 quomodo
1660 1200 1831 1291 possunt,
1868 1195 2031 1273 vadent:

534 1324 569 1380 ⁷2
596 1320 722 1395 clerici
741 1313 889 1420 antemi
906 1320 1045 1394 cotidie
1063 1320 1229 1396 vicibus:
1250 1319 1394 1396 vadent
1412 1320 1540 1394 clerici
1557 1324 1689 1395 autem
1708 1321 1755 1400 de
1772 1321 1878 1414 pullo
1899 1319 2032 1416 primo,

597 1446 793 1541 episcopus
821 1449 952 1520 autem
980 1446 1195 1520 albescente
1224 1444 1341 1519 vadet
1367 1467 1516 1540 semper,
1547 1445 1592 1518 ut
1618 1446 1733 1519 missa
1752 1444 1823 1518 fiat
1841 1445 2034 1519 matutina

598 1593 684 1645 cum
712 1571 888 1644 omnibus
915 1571 1073 1662 clericis,
1104 1574 1262 1664 excepta
1290 1569 1480 1645 dominica
1508 1570 1590 1645 die:
1611 1592 1657 1644 ea
1675 1591 1827 1645 necesse
1846 1572 1906 1643 est
1926 1569 2033 1643 illum

598 1696 645 1771 de
671 1697 777 1791 pullo
805 1698 928 1790 primo
954 1696 1022 1787 ire,
1051 1699 1097 1770 ut
1125 1695 1365 1790 evangelium
1394 1695 1499 1791 legat
1526 1695 1565 1767 in
1593 1695 1795 1770 Anastase.
1824 1696 1958 1770 Denuo
1987 1695 2035 1768 ad

598 1822 734 1896 horam
761 1825 909 1896 sextam
937 1824 1118 1916 aguntur,
1148 1841 1246 1916 quae
1276 1821 1612 1895 consuetudinaria
1640 1824 1732 1895 sunt
1760 1821 1800 1895 in
1827 1821 2034 1910 lineatam:

598 1946 776 2021 similiter
803 1949 844 2022 et
871 1946 921 2020 ad
947 1967 1069 2021 nona:
1099 1945 1275 2019 similiter
1304 1949 1345 2019 et
1372 1945 1421 2018 ad
1450 1946 1646 2020 lucemare
1666 1949 1775 2020 iuxta
1794 1946 2037 2022 consuetudi·

599 2091 701 2161 nem,
730 2092 846 2166 quam
873 2073 1072 2144 consuevit
1098 2073 1184 2143 toto
1204 2092 1305 2143 anno
1325 2069 1417 2144 fieri.
1438 2069 1583 2156 Quarta
1602 2073 1733 2145 autem
1754 2051 1924 2146 etsexta
1943 2070 2038 2144 feria

600 2217 749 2292 semper
775 2217 879 2270 nona
907 2198 946 2268 in
975 2195 1078 2292 Syon
1106 2195 1151 2269 lit
1177 2195 1286 2269 iuxta
1314 2196 1642 2270 consuetudinem.

680 2323 731 2395 Et
758 2321 853 2395 illud
881 2321 997 2396 etiam
1026 2320 1189 2395 scribere
1210 2321 1334 2412 debui,
1354 2321 1676 2416 quemadmodum
1695 2323 1882 2396 docentur
1900 2321 1953 2412 hi,
1974 2323 2039 2416 qui

600 2446 868 2542 baptidiantur
899 2467 967 2543 per
994 2446 1143 2541 pascha.
1171 2443 1272 2520 Nam
1300 2447 1366 2541 qui
1394 2446 1462 2520 dat
1490 2471 1627 2522 nomen
1656 2470 1781 2537 suum,
1810 2449 1902 2520 ante
1940 2445 2038 2520 diem

601 2572 979 2668 quadragesimarum
1007 2571 1087 2665 dat,
1108 2574 1148 2646 et
1167 2574 1338 2645 omnium
1356 2573 1513 2646 nomina
1532 2577 1696 2648 annotat
1714 2575 1900 2670 presbiter
1916 2563 1948 2646 ¹:
1969 2572 2040 2645 hoc

602 2701 661 2772 eet
688 2699 779 2770 ante
807 2696 892 2770 illas
919 2697 1154 2790 septimanas
1182 2699 1280 2788 octo,
1310 2697 1448 2791 quibus
1478 2697 1557 2770 dixi
1575 2697 1636 2772 hic
1655 2699 1805 2772 attendi
1829 2697 2039 2794 quadrage·

602 2820 710 2894 sima.
740 2819 834 2893 Cum
862 2822 994 2893 autem
1031 2821 1278 2894 annotaverit
1309 2821 1480 2893 omnium
1514 2821 1670 2895 nomina
1701 2821 1902 2916 presbiter,
1937 2821 2039 2916 post·

603 2944 758 3020 modum
787 2945 864 3018 alia
892 2945 953 3019 die
981 2945 1028 3019 de
1061 2944 1371 3040 quadragesimis,
1405 2943 1444 3018 id
1478 2949 1537 3020 est
1574 2968 1650 3041 qua
1687 2946 1919 3019 inchoantur
1955 2947 2041 3019 octo

604 3067 848 3160 ebdomadae,
869 3068 1026 3163 ponitur
1053 3069 1225 3164 episcopo
1255 3068 1436 3143 cathedra
1464 3068 1590 3143 media
1618 3068 1775 3144 ecclesia
1794 3069 1939 3142 maiore
1953 3057 1979 3158 ²,
2005 3067 2042 3140 id

604 3196 664 3269 est
691 3193 740 3268 ad
767 3193 1017 3290 Martyrium:
1047 3177 1181 3268 sedent
1199 3193 1288 3268 hinc
1306 3198 1346 3267 et
1364 3194 1453 3268 inde
1470 3195 1670 3289 presbiteri
1689 3195 1730 3267 in
1748 3193 1939 3268 cathedris
1953 3187 1979 3285 ⁸,
2003 3195 2044 3267 et

599 3322 711 3394 stant
739 3318 864 3394 clerici
892 3341 1043 3392 omnes:
1072 3321 1113 3393 et
1131 3319 1183 3393 sic
1203 3315 1445 3393 adducuntur
1463 3342 1562 3392 unus
1590 3321 1631 3394 et
1659 3342 1757 3392 unus
1777 3309 2043 3414 competens⁴t

605 3446 638 3519 si
665 3445 740 3521 uiri
767 3448 858 3520 sunt
885 3465 971 3520 oum
998 3444 1173 3541 patribus
1200 3444 1279 3518 suis
1306 3445 1489 3520 veniunt:
1519 3444 1551 3518 si
1585 3447 1718 3519 autem
1754 3444 1921 3519 feminae
1957 3465 2043 3518 cum

604 3773 751 3838 rectionis
772 3773 907 3852 regalem
920 3795 947 3833 a.
968 3772 1000 3833 S.
1023 3769 1187 3850 Angustia.
1210 3789 1302 3832 serm.
1317 3773 1376 3833 169
1401 3771 1439 3834 de
1455 3771 1548 3834 Verb.
1562 3772 1653 3833 Dom.
1675 3771 1827 3834 «Domini
1846 3773 2045 3835 resuscitatio

606 3871 801 3936 conservavit
821 3869 911 3932 nobis
932 3869 1015 3931 diem
1035 3869 1228 3948 dominicum,
1251 3871 1303 3947 qui
1323 3875 1451 3932 vocatur
1471 3868 1653 3946 dominicus,
1674 3871 1746 3948 quie
1766 3891 1802 3932 eo
1824 3871 1876 3932 die
1895 3871 2046 3932 Dominus

605 3969 815 4034 resurrexit».
829 3968 918 4028 Inter
937 3967 1110 4029 haereticos
1132 3969 1224 4048 (saec.
1244 3965 1393 4048 secundo)
1415 3967 1565 4028 Ebionaei
1580 3969 1725 4029 similiter
1744 3967 1927 4030 dominicam
1948 3969 2048 4030 obser-

606 4073 731 4146 vabant,
752 4075 834 4132 teste
848 4067 984 4129 Eusebio
1006 4067 1102 4146 (Hist.
1123 4069 1144 4127 l.
1165 4068 1227 4144 111,
1248 4088 1274 4128 o.
1289 4068 1358 4146 ab:
1382 4067 1530 4128 «Diebus
1550 4082 1625 4128 vero
1647 4067 1809 4130 dominicis
1831 4067 1949 4146 eadem,
1969 4087 2048 4146 qnae

606 4189 672 4247 noe,
693 4169 726 4229 in
746 4164 924 4228 memoriam
942 4166 1179 4227 resurrectionis
1199 4166 1325 4225 Domini
1345 4172 1498 4243 peragunt
1512 4187 1539 4225 a.

688 4266 697 4302 ¹
714 4265 775 4339 Qui
795 4264 984 4343 baptismum
1005 4263 1145 4343 accipere
1168 4268 1200 4324 et
1226 4261 1397 4324 Christiani
1417 4261 1486 4322 fieri
1512 4247 1680 4339 volebant,
1699 4283 1755 4324 sua
1774 4263 1898 4325 nomina
1923 4263 2048 4325 dabant

608 4368 639 4429 S.
662 4364 770 4445 cyrill.
791 4361 1044 4425 Procateoheeis:
1068 4361 1256 4423 «Hactenus
1277 4360 1402 4421 nomina
1422 4359 1571 4422 dedistis:
1593 4359 1669 4422 haee
1686 4360 1773 4422 vobis
1788 4360 1827 4422 ad
1843 4361 1986 4423 militiam
1999 4381 2050 4423 vo

608 4465 689 4528 catio
701 4487 728 4524 ›.
1579 4459 1582 4466 “

688 4562 804 4623 ²Han0
824 4559 1002 4621 cathedram
1021 4558 1054 4619 in
1075 4557 1206 4620 ecclesia
1225 4556 1340 4618 maiore
1362 4559 1396 4618 in
1415 4557 1516 4619 medio
1537 4551 1670 4619 locatam
1691 4557 1820 4620 eandem
1841 4559 1939 4620 fuisse
1964 4559 2051 4621 arbi-

609 4670 735 4738 tramur,
757 4679 836 4738 quae
856 4657 962 4719 Iacobi
982 4656 1115 4735 apostoli
1143 4655 1319 4733 dicebatur,
1341 4662 1466 4717 servata
1488 4662 1520 4717 et
1541 4675 1736 4734 summopere
1756 4657 1841 4718 culta
1861 4662 1893 4719 in
1913 4655 2050 4738 'ecclesie

609 4757 892 4838 hierosolymitana
912 4754 994 4818 Vide
1025 4755 1139 4816 Euseb.
1164 4753 1186 4814 l.
1207 4755 1281 4830 VII,
1303 4773 1371 4832 cap.
1391 4754 1417 4830 Ι,
1445 4760 1477 4815 et
1508 4754 1670 4832 Ohryeoet.
1702 4753 1791 4814 Hom
1818 4755 1857 4816 de
1888 4753 2050 4816 duodecim

611 4857 770 4937 apostolis.

690 4951 890 5016 ³Gathedras
913 4951 989 5013 dicit
1005 4951 1098 5014 sedes
1114 4952 1379 5031 presbyterorum,
1396 4951 1447 5029 qui
1461 4949 1533 5012 hino
1549 4951 1621 5013 inde
1642 4951 1681 5012 ad
1702 4951 1786 5013 letus
1807 4951 1946 5032 episcopi
1966 4949 2052 5013 eede-

611 5056 696 5128 bant,
717 5050 859 5130 quoniam
878 5048 952 5109 illae
966 5048 1093 5110 secundi
1107 5049 1212 5110 throni
1228 5033 1379 5128 (deortpor
1397 5038 1510 5127 θρόνοι)
1525 5047 1558 5106 in
1580 5067 1667 5109 sacro
1682 5047 1789 5111 ordine
1810 5049 2050 5129 appellabantur.

692 5151 764 5211 ⁴Eo
785 5157 923 5227 tempore
944 5155 1153 5227 competentes
1173 5155 1206 5210 et
1227 5147 1395 5225 subscripti
1415 5145 1605 5222 dicebantur,
1626 5147 1679 5224 qui
1700 5147 1888 5227 baptismum
1908 5153 2050 5227 petentes

614 5268 725 5312 nomen
746 5267 835 5309 suum
856 5245 1015 5306 dederant.
1037 5245 1067 5306 S.
1089 5246 1221 5323 August.
1242 5246 1290 5306 De
1311 5265 1383 5304 cura
1402 5265 1457 5323 pro
1478 5244 1608 5305 mortuis
1627 5265 1692 5323 cap.
1715 5247 1769 5305 12:
1794 5245 1919 5308 «Dedit
1941 5265 2051 5307 nomen

614 5349 696 5410 inter
716 5345 794 5408 alios
814 5349 1035 5424 competentes,
1057 5345 1173 5424 pariter
1193 5364 1261 5406 oum
1281 5341 1422 5422 plurimis
1443 5343 1620 5421 incognitus
1641 5342 1731 5406 nobis
1743 5367 1770 5404 a.

1084 6533 1147 6535 ,,,,,-
1157 6533 1182 6535 -,
1196 6533 1297 6535 ---
1453 6515 2161 6536 —,-—-.-—„-.—-,-.——-.-—-—1-·¹fl⁴
2233 5975 2244 6536 4
