4604 6560
530 717 533 724 .
581 656 623 720 74
1072 684 1099 728 s.
1123 683 1254 730 eramen
1276 687 1525 736 aranearusrro

576 918 729 992 passus;
744 899 865 974 malui
878 920 969 997 ergo
987 903 1160 997 perexire
1178 903 1282 997 illuc,
1298 907 1344 980 ut
1361 907 1557 998 stativam,
1585 931 1701 1004 quam
1720 908 1873 986 factura
1900 934 2014 1005 eram,

547 1049 555 1062 ·
578 1021 632 1096 ibi
659 1021 835 1099 facerem.
860 1025 919 1098 Ibi
938 1048 1025 1100 cum
1044 1027 1093 1100 ad
1111 1032 1285 1103 sanctam
1304 1031 1501 1106 ecclesiam
1517 1034 1756 1125 pervenissem,
1777 1037 1874 1110 nihil
1894 1037 2015 1111 aliun·

578 1146 665 1222 dem
683 1149 756 1224 cidi
774 1148 848 1224 uisi
866 1145 1123 1227 monasteria¹
1145 1154 1226 1230 sine
1244 1178 1403 1232 numero
1422 1159 1594 1232 virorum
1613 1181 1657 1234 ac
1676 1161 1892 1236 mulierum.
1917 1163 2014 1238 Nam

577 1274 709 1348 inveni
726 1274 780 1348 ibi
794 1276 963 1371 aliquam
983 1277 1253 1354 amicissimam
1271 1282 1398 1373 michi,
1414 1286 1455 1358 et
1469 1283 1531 1357 cui
1546 1304 1678 1360 omnes
1693 1287 1731 1358 in
1747 1287 1895 1362 oriente
1908 1290 2016 1364 testi·

579 1398 751 1472 monium
765 1399 942 1475 ferebant
955 1401 1060 1477 vitae
1074 1403 1203 1498 ipsius,
1220 1409 1356 1480 sancta
1367 1407 1579 1482 diaconissa
1601 1409 1754 1483 nomine
1774 1410 1979 1486 Marthama
1991 1407 2015 1504 ²,

580 1545 697 1618 quam
725 1546 795 1620 ego
823 1526 925 1620 apud
953 1526 1218 1604 Ierusolimam
1245 1553 1440 1625 noveram,
1469 1533 1536 1606 ubi
1562 1532 1632 1606 illa
1669 1536 1795 1629 gratia
1831 1538 2017 1612 orationis

580 1648 825 1724 escenderat:
854 1651 948 1726 haec
975 1656 1108 1728 autem
1136 1656 1370 1731 monasteria
1397 1650 1693 1752 apudactitum⁸
1725 1681 1792 1736 seu
1825 1661 2017 1756 virginum

580 1774 751 1868 regebat.
781 1774 885 1862 Quae
912 1798 975 1852 me
1002 1799 1089 1852 oum
1116 1780 1286 1874 vidisset,
1316 1781 1418 1877 quod
1445 1781 1630 1878 gaudium
1661 1783 1765 1856 illius
1798 1785 1860 1859 vel
1891 1806 2018 1859 meum

581 1921 662 1977 esse
688 1901 881 1997 potueritl
909 1904 1096 2000 numquid
1122 1905 1186 1982 vel
1213 1907 1377 1982 scribere
1404 1909 1580 2003 pessumi
1609 1907 1684 1982 Sed
1711 1911 1757 1982 ut
1783 1909 1936 1984 redeam
1971 1908 2019 1982 ad

580 2049 674 2115 rem,
701 2028 937 2102 monasteria
964 2050 1054 2124 ergo
1082 2031 1249 2124 plurima
1276 2035 1367 2106 sunt
1393 2033 1448 2106 ibi
1474 2056 1543 2128 per
1571 2034 1696 2129 ipsum
1730 2033 1877 2124 collem,
1902 2037 1954 2118 ,et
1980 2033 2020 2107 in

581 2151 706 2226 medio
725 2174 859 2226 murus
873 2153 1019 2248 ingens,
1039 2156 1106 2250 qui
1125 2155 1287 2230 includit
1305 2157 1512 2249 ecclesiam,
1532 2157 1574 2231 in
1592 2181 1669 2253 qua
1687 2160 1747 2233 est
1766 2157 2017 2254 martyrium

581 2275 683 2371 quod
710 2276 942 2372 martyrium
969 2279 1062 2352 satis
1091 2278 1293 2374 pulchrum
1311 2283 1381 2355 cst.
1402 2281 1610 2378 Propterea
1628 2285 1760 2356 autem
1779 2305 1913 2356 murus
1931 2283 2019 2356 mis·

582 2423 646 2476 sus
673 2403 733 2476 est
760 2401 809 2475 ad
836 2403 1122 2478 custodiendam
1150 2393 1348 2480 ecclesiam
1375 2411 1531 2502 propter
1557 2407 1743 2482 Hisauros
1756 2400 1782 2499 ⁴,
1815 2409 1907 2504 quia
1929 2409 2021 2482 satis

582 2524 675 2600 mali
702 2529 805 2618 sunt,
835 2541 875 2602 ee
902 2527 1123 2625 frequenter
1141 2529 1463 2623 latrunculautur,
1483 2554 1531 2606 ne
1550 2532 1651 2608 forte
1670 2535 1858 2608 conentur
1876 2533 2021 2629 aliquid

582 2651 707 2727 facere
734 2653 834 2728 circa
861 2655 1150 2749 monasterium,
1180 2656 1282 2751 quod
1308 2660 1369 2731 est
1396 2658 1450 2731 ibi
1477 2658 1718 2753 deputatum.
1747 2658 1807 2732 Ibi
1826 2681 1917 2754 ergo
1936 2681 2022 2734 cum

582 2776 773 2852 venissem
799 2777 841 2850 in
866 2778 1021 2854 nomine
1048 2780 1132 2872 Dei,
1160 2780 1264 2856 facta
1292 2783 1467 2857 oratione
1495 2783 1544 2856 ad
1571 2783 1816 2880 martyrium,
1848 2805 1919 2858 neo
1946 2805 2022 2857 non

584 2903 703 2978 etiam
730 2905 771 2978 et
796 2903 919 2978 lectus
946 2906 1070 2980 omnis
1097 2909 1205 2981 actus
1232 2910 1387 2982 sanetae
1407 2907 1541 2983 chlae
1555 2899 1580 3001 ⁵,
1600 2907 1745 3004 gratias
1764 2908 1928 2982 Domino
1953 2929 2021 2982 no·

584 3032 665 3104 stro
693 3030 755 3125 egi
781 3028 970 3119 infinitas;
999 3031 1066 3126 qui
1093 3030 1187 3104 mihi
1214 3032 1395 3127 dignatus
1422 3034 1481 3108 est
1505 3033 1684 3129 indignae
1703 3035 1744 3107 et
1762 3055 1840 3107 non
1859 3031 2022 3106 merenti

523 3157 557 3212 5⁵
586 3155 627 3228 in
653 3153 830 3229 omnibus
857 3153 1045 3230 desideria
1072 3156 1271 3250 complere.
1292 3156 1347 3230 Ac
1366 3155 1526 3252 sicergo
1545 3156 1722 3232 faotoibi
1748 3156 1868 3230 biduo
1897 3147 1901 3256 l
1931 3156 2023 3231 visis

585 3279 704 3357 etiam
731 3279 873 3355 sanctis
901 3277 1107 3370 monachis,
1127 3280 1190 3355 vel
1217 3281 1449 3376 aputantites
1464 3275 1489 3372 ⁶,
1508 3284 1591 3354 tam
1609 3280 1703 3356 viris
1721 3303 1838 3376 quam
1856 3279 2022 3372 feminis,

585 3559 625 3622 ds
639 3577 676 3620 co
690 3556 769 3620 colle
788 3556 938 3636 loquitur:
963 3556 1138 3618 «verticem
1157 3557 1272 3620 montis
1292 3557 1438 3638 vicinum,
1459 3559 1511 3638 qui
1532 3557 1572 3621 ad
1592 3557 1753 3623 meridiem
1773 3557 1926 3638 adsurgit,
1941 3576 2028 3620 occu·

583 3676 661 3736 pane
672 3679 700 3717 a,
715 3655 838 3716 Simeon
851 3653 1005 3734 Metaphr.
1019 3654 1053 3715 in
1065 3653 1133 3716 vita
1145 3654 1300 3717 eiusdem:
1318 3678 1435 3719 «unum
1449 3657 1568 3718 miliare
1582 3659 1621 3718 ab
1635 3657 1713 3720 urbe
1726 3655 1871 3720 discedit.
1883 3701 1892 3720 .
1904 3701 1912 3717 .
1924 3701 1932 3718 .
1945 3675 2027 3718 mon-

586 3760 649 3816 tem
669 3751 858 3829 conscendit,
879 3751 929 3812 cui
950 3750 1096 3813 Galamon
1116 3751 1184 3813 sive
1204 3753 1350 3817 Rhodion
1369 3775 1480 3817 nomen
1502 3762 1570 3818 erat
1584 3779 1611 3815 ».

668 3849 769 3912 ¹00d.
789 3851 840 3910 Ibi
860 3868 930 3909 curn
951 3851 994 3910 od
1013 3857 1152 3910 nondam
1172 3853 1327 3913 eeclesiam
1348 3855 1429 3914 nibil
1448 3855 1606 3915 aliundene
1625 3857 1688 3913 nisi
1707 3855 1907 3912 neonastcrie.

666 3947 679 3985 ²
691 3948 740 4010 De
751 3953 859 4010 sancta
871 3947 1047 4010 diaconissa
1060 3949 1233 4027 Marthama,
1247 3969 1326 4029 quae
1339 3950 1371 4010 in
1385 3949 1513 4013 civitate
1528 3948 1685 4011 Seleuciae
1699 3948 1921 4010 monasterium
1935 3967 1960 4010 s.
1973 3947 2028 4008 Te-

586 4047 653 4109 elee
673 4047 810 4124 regebat,
830 4044 916 4107 nulla
936 4046 974 4106 ab
987 4045 1209 4128 hagiographis
1223 4047 1344 4126 graecis
1358 4056 1391 4110 et
1404 4048 1520 4125 latinis,
1539 4046 1624 4108 nulla
1643 4068 1663 4108 a
1683 4045 1888 4125 scriptoribus
1903 4049 2028 4126 praeter

586 4143 738 4207 Basiliam
759 4143 918 4205 Seleuciae
939 4143 1126 4224 episcopum,
1148 4145 1199 4222 qui
1213 4143 1318 4206 floruit
1331 4164 1409 4205 anuo
1424 4145 1493 4221 440,
1508 4142 1592 4204 faeta
1606 4149 1656 4205 est
1676 4141 1800 4204 mentio.
1812 4142 1856 4207 ‚Is
1877 4140 2027 4215 Basilius,

587 4249 749 4323 postquem
769 4241 808 4304 de
822 4241 1009 4304 monasterio
1023 4242 1118 4304 verba
1131 4239 1215 4318 fecit,
1230 4239 1371 4320 feminas,
1385 4259 1463 4320 quae
1488 4240 1633 4319 vestigiis
1658 4239 1690 4301 S.
1705 4239 1819 4300 Teclae
1835 4237 2026 4310 institerunt,

587 4350 623 4405 ut
640 4341 773 4404 maxima
791 4340 904 4421 dignas
924 4341 1015 4404 laude
1036 4340 1227 4416 memorarit,
1242 4360 1280 4401 ex
1300 4341 1411 4418 quibus
1431 4339 1560 4419 primam
1579 4337 1774 4398 Marthanam
1795 4335 1920 4397 dicens:
1943 4353 2028 4396 ‹uec

588 4441 718 4503 feminas
748 4446 990 4520 praetereamus,
1013 4439 1209 4502 Marthanam
1230 4437 1430 4528 (limpidum),
1451 4435 1698 4512 Xenarchid'em,
1719 4433 1902 4512 Dionysiam
1931 4432 2027 4509 illam,

589 4537 767 4615 Susannam,
788 4544 969 4615 ceterasque
984 4559 1012 4597 ›.
1034 4536 1110 4598 Oum
1123 4535 1287 4596 Marthama
1300 4535 1332 4594 in
1346 4534 1486 4612 catalogo
1501 4532 1613 4594 Basilii
1627 4533 1726 4611 prima
1743 4538 1891 4608 occurrat,
1906 4538 2028 4593 ceterae

589 4635 723 4698 fortasse
736 4643 810 4715 post
827 4636 914 4697 illem
934 4656 990 4716 per
1009 4636 1094 4698 vices
1115 4633 1214 4695 officio
1235 4633 1396 4713 regiminis
1410 4630 1533 4692 functae
1555 4637 1635 4708 sunt,
1649 4650 1777 4707 quarum
1791 4649 1853 4691 non
1873 4629 1964 4691 modo
1979 4647 2030 4708 ge

589 4740 649 4811 sta,
671 4733 727 4795 sed
746 4731 876 4795 nomina
890 4734 984 4795 etiam
1004 4734 1227 4812 ignoraremus,
1247 4731 1310 4793 nisi
1331 4751 1368 4792 ea
1387 4727 1524 4790 Basilius
1546 4734 1826 4791 commemorasset.

671 4829 797 4908 ⁸Lege:
819 4837 1030 4909 spernentem,
1050 4830 1123 4892 vids
1143 4829 1226 4890 infre
1247 4828 1350 4889 adnot.
1371 4829 1399 4888 6.

670 4929 684 4963 ⁴
696 4927 799 4988 Isauri
818 4934 929 4988 natura
949 4934 981 4989 et
1001 4932 1068 4988 arte
1081 4925 1253 5006 praedones
1267 4945 1391 4988 romano
1405 4924 1534 5005 imperio
1549 4943 1672 5003 semper
1686 4922 1804 5003 infesti,
1819 4923 1961 5002 quamvis
1976 4921 2028 4982 do-

591 5025 669 5088 miti.
677 5025 740 5088 Sub
752 5024 932 5086 Constantio
944 5031 976 5086 et
982 5024 1114 5087 Valente
1124 5024 1157 5084 in
1167 5023 1315 5084 finitimas
1325 5022 1469 5100 regiones
1480 5021 1672 5083 incursiones
1683 5019 1910 5097 separaverim
1919 5027 2031 5100 postea

592 5129 742 5200 regnante
759 5120 933 5182 Theodosio
948 5123 986 5182 ab
999 5120 1222 5200 irruptionibus
1236 5140 1400 5200 parumper
1413 5119 1558 5182 videntur
1573 5118 1771 5182 abstinuisse.
1786 5117 1834 5180 of.
1850 5118 2028 5196 Tillemont,

593 5221 676 5281 Hist.
698 5223 751 5280 des
772 5223 865 5297 Deip.
886 5219 922 5280 Τ.
943 5221 982 5296 V,
1002 5239 1032 5298 p.
1054 5221 1103 5297 90,
1126 5219 1194 5297 105,
1214 5220 1283 5280 475.

673 5315 780 5378 ⁵Acta
800 5315 831 5377 S.
851 5315 963 5377 Teclae
984 5317 1023 5377 ab
1043 5316 1177 5378 ecclesia
1195 5322 1231 5377 ut
1252 5315 1428 5398 apocrypha
1446 5315 1667 5396 improbantur.

674 5413 909 5494 ‘apotactitas
921 5413 1117 5492 apotactitae,
1130 5434 1178 5492 gr.
1194 5417 1418 5497 ἀποτακτίται,
1435 5413 1487 5491 qui
1500 5413 1583 5473 omni
1603 5407 1742 5474 carnium
1761 5433 1876 5493 genere
1896 5412 2031 5491 vinoque

595 5508 808 5589 abstinebant,
839 5509 1010 5573 mirandum
1036 5510 1247 5592 poenitentiae
1274 5511 1446 5592 exemplum
1477 5510 1653 5574 hominibus
1676 5513 1853 5590 praebuere.
1883 5509 2030 5589 Plerique
