4622 6572
635 695 671 740 11.
694 696 739 740 De
761 696 786 740 8.
811 693 937 740 mann
960 693 1135 740 mersans
1157 693 1201 739 m*
1224 692 1351 740 arms
1652 693 1723 741 xvn

277 910 494 1006 promptior
521 909 756 988 redderetur.
787 911 905 998 Quem
933 910 1088 985 modum
1118 933 1236 1006 quum
1263 909 1414 1006 poetria
1442 909 1482 982 in
1510 910 1634 986 altero
1653 909 1723 1006 hy·

278 1073 372 1129 mno
399 1052 649 1145 adhibuisset,
668 1079 763 1128 num
790 1056 887 1129 hanc
915 1053 1100 1130 acroiseos
1128 1054 1319 1128 rationem
1338 1052 1455 1128 fuisse
1473 1054 1515 1126 in
1533 1051 1721 1150 antiquis·

222 1267 225 1272 ,
279 1194 386 1270 simis
414 1197 593 1272 ecclesiae
621 1197 777 1272 canticis
805 1217 945 1293 negare
973 1195 1194 1293 possemusl

361 1339 600 1437 argumenti,
618 1341 781 1416 fortasse
811 1341 1025 1432 difficultas,
1055 1317 1272 1436 eloquiique
1292 1338 1500 1436 implicatio
1520 1338 1655 1432 effecit,
1676 1342 1721 1414 ut

280 1483 416 1579 hymni
443 1483 623 1558 hilariani
651 1485 691 1557 in
719 1483 953 1559 oblivionem
982 1455 1276 1575 adducerentur,
1306 1505 1351 1558 ac
1376 1504 1473 1580 pene
1500 1485 1606 1558 senio
1633 1505 1721 1559 eon·

280 1625 498 1704 ficerentur.
527 1628 689 1702 Nullum
717 1628 873 1703 ecclesia
900 1628 973 1702 sibi
1001 1628 1084 1724 ipsa
1122 1629 1313 1704 servavit:
1342 1627 1409 1724 qui
1436 1628 1548 1724 pauci
1575 1651 1600 1702 a
1625 1627 1719 1704 viris

281 1769 401 1846 doctis
425 1775 547 1880 atque
574 1773 615 1846 in
643 1773 792 1869 aliquot
819 1773 1010 1848 codicibus
1038 1771 1187 1848 Hilario
1214 1772 1453 1864 tribuuntur,
1477 1773 1509 1848 si
1527 1773 1715 1870 hymnum

278 1916 516 1989 matutinum
545 1915 719 2011 excipias,
749 1936 864 2012 quem
892 1914 981 1989 exul
1009 1914 1136 1989 Abrae
1163 1914 1266 1990 filiae
1293 1937 1386 1990 suae
1413 1915 1493 2011 ipse
1520 1915 1637 2009 misit,
1667 1916 1717 1990 ad

278 2077 366 2132 eum
394 2080 472 2131 non
498 2060 689 2153 pertinere
716 2057 766 2133 ad
793 2059 949 2132 criticen
978 2058 1276 2153 comprobantur
1291 2051 1315 2132 ¹.

358 2200 509 2276 Primus
537 2201 603 2276 ille
632 2201 804 2298 profecto
831 2200 1063 2298 hymnorum
1092 2204 1227 2277 auctor
1255 2202 1331 2275 fuit
1357 2201 1399 2275 in
1428 2201 1586 2277 ecclesia
1622 2202 1717 2278 occi·

278 2344 435 2436 dentali‚
455 2349 555 2421 teste
574 2346 719 2421 Isidoro
746 2335 992 2441 Hispalensi²:
1018 2349 1033 2382 “
1054 2346 1284 2442 hymnorum
1304 2346 1470 2421 carmine
1490 2345 1622 2421 floruit
1640 2349 1716 2442 pri-

278 2511 363 2562 mus
381 2543 414 2577 ,.
444 2488 588 2586 Nempe
616 2489 736 2582 nobis,
766 2491 831 2586 qui
859 2492 950 2586 aute
977 2488 1086 2561 illum
1115 2491 1286 2564 carmina
1313 2511 1420 2564 sacra
1446 2489 1567 2564 latine
1587 2492 1716 2565 tenta·

277 2632 390 2724 verit,
414 2635 555 2709 notitia
575 2659 652 2710 non
670 2638 790 2711 extat.
811 2634 870 2709 Ad
890 2634 957 2708 illa
977 2634 1173 2708 condenda
1192 2634 1382 2710 excitatus
1401 2637 1472 2725 est,
1493 2657 1569 2709 non
1588 2636 1714 2709 solum

276 2797 324 2851 ex
351 2797 409 2868 eo,
440 2778 541 2873 quod
568 2778 641 2852 sibi
668 2781 866 2853 vetustum
890 2777 935 2851 'in
963 2777 1112 2852 oriente
1140 2799 1285 2852 morem
1325 2778 1486 2851 laudum
1522 2799 1716 2852 sacrarum

277 2923 533 2999 canendorum
553 2923 594 2997 in
612 2928 740 2998 mente
758 2925 968 3013 revocaret,
989 2945 1125 2997 verum
1146 2923 1263 2997 etiam
1282 2922 1331 2996 ab
1352 2921 1493 2996 arianis
1518 2921 1619 3018 ipsis,
1648 2921 1716 3018 qui

275 3067 507 3165 hymnorum
534 3089 685 3164 quoque
715 3065 977 3142 modulatione
992 3066 1039 3140 ad
1055 3088 1164 3139 suam
1180 3066 1369 3140 haeresim
1384 3065 1610 3160 christianos
1630 3066 1715 3140 alli·

276 3215 406 3289 cerent
419 3203 444 3286 ³.
465 3213 564 3309 Ergo
584 3212 690 3285 utin
710 3233 848 3306 magna
867 3209 1044 3285 ecclesiae
1065 3209 1359 3304 perturbatione
1378 3208 1492 3284 fidem
1510 3209 1714 3304 pietatem·

275 3375 349 3450 que
386 3354 546 3444 foveret,
575 3357 622 3428 ut
649 3353 824 3427 hostibus
865 3353 996 3428 eadem
1038 3353 1191 3447 raperet
1223 3375 1352 3441 arma,
1393 3352 1493 3426 hanc
1534 3351 1714 3427 devotam

275 3496 571 3572 oblectationem
591 3497 708 3594 elegit
726 3497 985 3593 instituitque,
1013 3519 1129 3592 quam
1156 3518 1317 3582 romana
1344 3495 1500 3571 ecclesia
1526 3517 1603 3571 non
1631 3497 1713 3573 sine

272 3637 441 3736 maximo
469 3637 599 3713 fructu
628 3641 806 3712 amanter·
832 3640 1034 3732 prosecuta
1062 3639 1132 3711 est.

272 3753 276 3762 ’
355 3780 459 3868 Quae
486 3781 640 3856 tandem
670 3781 883 3857 carminum
909 3780 1102 3854 Hilarium
1129 3779 1334 3876 suscepisse
1367 3781 1608 3875 argumenta,
1642 3803 1711 3858 nos

273 3921 484 3998 Concilium
511 3925 621 4000 docet
648 3925 876 3999 Toletanum
903 3925 1087 4020 quartum
1113 3945 1195 3998 can.
1230 3922 1298 3996 12:
1332 3925 1348 3958 ‘¹
1367 3920 1552 3997 Nonnulli
1575 3920 1711 4018 hymni

278 4122 294 4154 ‚
312 4066 481 4142 human'o
500 4067 628 4142 studio
657 4069 696 4141 in
723 4067 876 4142 laudem
904 4066 975 4141 Dei
994 4069 1112 4162 atque
1126 4065 1399 4160 Apostolorum
1426 4067 1467 4138 et
1493 4063 1710 4159 Martyrum

277 4265 294 4299 „
313 4209 527 4306 triumphos
556 4210 753 4306 compositi
787 4231 869 4285 esse
902 4211 1129 4284 noscuntur:
1163 4209 1265 4282 sicut
1297 4207 1335 4298 ii,
1370 4229 1464 4304 quos
1500 4202 1710 4281 beatissimi

276 4408 293 4442 „
313 4352 485 4429 doctores
503 4352 674 4428 Hilarius
703 4357 742 4428 et
770 4353 996 4428 Ambrosius
1026 4352 1229 4428 ediderunt
1246 4408 1280 4440 ,,.
1309 4351 1363 4426 Ex
1391 4373 1436 4426 oo
1455 4353 1589 4426 autem
1606 4349 1709 4447 quod

270 4495 336 4572 ille
363 4496 529 4592 quodam
557 4495 598 4570 in
624 4496 767 4595 hymno
796 4498 843 4569 ut
860 4495 1122 4590 Hieronymus
1140 4493 1271 4586 refert,
1293 4493 1421 4570 Gallos
1441 4493 1622 4569 indociles
1642 4516 1708 4570 vo·
1736 4585 1739 4590 ι

352 4755 362 4792 ¹
376 4757 538 4836 Hymnus:
562 4755 696 4818 «Gloria
710 4757 742 4817 in
757 4757 889 4818 excelsis
902 4757 997 4819 Deo»
1020 4775 1045 4818 e.
1067 4755 1189 4817 Hilario
1204 4753 1352 4816 tribuitur
1366 4755 1405 4816 ab
1419 4755 1552 4816 Alucino
1568 4753 1629 4836 (De
1644 4752 1707 4815 div.

273 4853 392 4931 officiis,
413 4855 446 4916 in
467 4857 675 4917 celebratione
696 4855 833 4936 missae).
855 4857 905 4917 Ab
925 4856 1089 4917 Hiacmaro
1104 4855 1137 4915 in
1150 4854 1281 4915 libro-
1292 4855 1340 4914 Dc
1359 4874 1421 4914 aon
1437 4859 1523 4914 triae
1536 4857 1708 4916 11111111-

271 4952 403 5032 hymnus
422 4960 607 5015 nocturnus:
632 4955 817 5032 ‹Hymnum
837 4953 921 5015 dieat
941 4955 1031 5016 turba
1050 4953 1219 5015 fratrum.»
1242 4952 1271 5014 A
1292 4951 1374 5014 card.
1396 4951 1561 5014 Thomasio
1593 4953 1627 5014 in
1648 4973 1707 5016 eno

270 5050 431 5130 hymnario
446 5051 484 5113 de
499 5053 571 5112 anni
581 5053 693 5114 circulo
707 5051 815 5131 hymni
829 5052 900 5132 dno,
915 5052 995 5114 alter
1007 5053 1041 5114 in
1054 5051 1236 5134 Epiphania,
1248 5052 1331 5114 alter
1349 5051 1484 5113 «Gloria
1497 5051 1531 5112 in
1544 5051 1705 5114 excelsis.»

270 5149 322 5212 Ab
342 5149 470 5211 Erasmo
490 5149 623 5230 hymnus
644 5151 685 5213 de
707 5151 815 5213 Cruce.

350 5247 454 5308 ’Isiu
475 5248 596 5327 Hispal.
620 5248 680 5310 Off.
703 5249 777 5310 eccl.
797 5248 819 5309 1.
839 5249 866 5328 Ι,
887 5269 953 5328 cap.
975 5252 1004 5310 6.

349 5346 424 5408 ³De
445 5366 469 5408 s.
490 5347 611 5408 Hilario
632 5348 862 5428 hymnographo
884 5349 1011 5410 consule
1031 5368 1060 5427 p.
1079 5348 1216 5409 content
1229 5349 1261 5409 in
1275 5345 1468 5427 praefatione
1482 5366 1609 5425 operum
1625 5346 1705 5426 ejus·

269 5443 356 5505 dem:
377 5443 570 5506 Honoratum
590 5467 610 5506 a
629 5467 653 5507 s.
674 5447 772 5508 Maria
785 5447 818 5507 in
832 5449 1121 5510 Animadversioaes
1134 5452 1168 5507 in
1181 5449 1308 5526 reputas
1322 5450 1442 5508 critices
1462 5444 1484 5507 l.
1510 5444 1567 5523 IV,
1582 5443 1658 5508 dies.
1675 5445 1703 5506 1.

270 5541 361 5604 one.
377 5541 550 5616 casinum
572 5543 604 5604 in
626 5543 759 5623 apaan
778 5529 1049 5624 vigesimaquinta.

1509 5675 1547 5723 111
