4622 6572
589 591 718 638 XXXVIII
1214 592 1397 640 PRAEFATIO

587 813 689 909 quod
715 812 791 887 illis
819 812 867 887 ad
894 813 1123 911 scripturam
1149 813 1440 908 intelligendam
1468 817 1586 911 atque
1613 814 1799 911 pietatem
1829 813 2054 890 colendam

587 954 748 1032 addictis
775 977 909 1032 earum
922 979 1049 1032 rerum
1064 958 1230 1054 cognitio
1249 958 1425 1054 perutilis
1444 957 1661 1035 videbatur.
1681 959 1780 1033 Tum
1799 959 1885 1056 quis
1904 955 2051 1034 nescit

587 1118 729 1189 omneS,
759 1119 877 1193 quum
905 1096 1029 1172 virtus
1056 1098 1193 1174 bellica
1230 1098 1480 1174 christianum
1506 1121 1651 1174 nornen
1681 1121 1767 1174 cum
1794 1100 1919 1197 gloria
1945 1099 2050 1178 vin·

587 1240 761 1334 dicasset,
791 1245 1014 1339 terramque
1041 1244 1212 1318 sanctam
1241 1245 1516 1339 recuperasset,
1545 1243 1661 1318 huius
1685 1243 1872 1320 videndae
1900 1243 2049 1322 studio

518 1359 521 1366 ⁵
587 1384 751 1460 maxime
778 1384 985 1480 flagrasset
1013 1386 1176 1460 Demum
1204 1407 1302 1481 quae
1321 1385 1496 1461 monachi
1516 1386 1744 1478 casinenses,
1767 1387 1855 1462 illac
1874 1386 2045 1484 iampri-

587 1527 673 1602 dem
690 1529 932 1624 peregrinare
951 1529 1046 1620 ausi,
1067 1528 1114 1603 de
1133 1528 1212 1603 suis
1231 1513 1436 1604 itineribus
1457 1531 1644 1604 nonnulla
1668 1529 1930 1621 tradidissent,
1951 1551 2043 1604 uno

586 1675 627 1749 in
654 1697 811 1771 corpore
839 1674 1014 1770 colligere
1041 1673 1104 1750 vel
1131 1674 1273 1771 eligere
1306 1674 1444 1749 Petrus
1485 1675 1676 1750 Diaconue
1714 1674 1915 1771 cogitavit.
1945 1674 2044 1771 Ipse

586 1820 688 1896 enim
716 1818 763 1896 de
791 1841 903 1916 opere
929 1841 999 1894 suo
1026 1818 1083 1894 ita
1109 1820 1228 1895 refert
1255 1819 1296 1893 in
1324 1821 1503 1916 prologo:
1545 1823 1561 1856 ⁸
1586 1819 1834 1894 Itinerariurn
1862 1819 1909 1894 de
1936 1819 2040 1894 locis

576 1962 727 2056 ,sanctis
748 1955 757 1996 ¹
779 1962 929 2036 anobis
949 1965 1159 2060 utcumque
1177 1964 1392 2054 exaratum,
1414 1964 1520 2038 etex
1540 1963 1732 2055 omnibus,
1752 1966 1798 2037 ut
1816 1963 1874 2038 ita
1892 1962 2036 2054 dicam,

586 2105 692 2179 libris
718 2105 934 2196 collectum,
964 2108 1116 2180 vestrae
1142 2105 1372 2202 paternitati
1400 2104 1594 2179 destinare
1625 2107 1769 2182 curavi.
1796 2161 1812 2194 ,

665 2244 807 2322 Verum
833 2247 943 2322 nobis
961 2248 1058 2322 illud
1077 2270 1172 2344 opus
1191 2247 1240 2321 ad
1258 2269 1417 2323 examen
1444 2247 1714 2323 revocantibus
1732 2246 1879 2344 liquido
1898 2247 2026 2343 patet,

587 2389 745 2465 Petrum
772 2389 983 2466 Diaconum
1012 2391 1214 2489 praecipue
1242 2391 1390 2466 duobus
1424 2413 1467 2466 er
1488 2391 1661 2466 fontibus
1689 2389 1871 2481 hausisse,
1888 2410 1965 2462 uno
1983 2409 2031 2462 ex

587 2532 714 2608 Bedae
739 2535 931 2629 opusculo,
961 2535 1018 2609 De
1044 2535 1136 2611 locis
1165 2535 1321 2625 sanctis,
1351 2534 1474 2610 altero
1493 2557 1539 2610 ex
1563 2534 1876 2632 Peregrinatione
1903 2555 1933 2608 s.
1957 2531 2030 2611 Sil-

586 2677 684 2752 riae.
713 2677 886 2774 Reliqua,
916 2699 1015 2774 quae
1043 2677 1128 2752 aliis
1156 2677 1294 2752 rivulis
1329 2699 1522 2774 perpauca
1558 2676 1728 2769 deduxit,
1763 2676 1913 2751 minimi
1939 2678 2033 2750 sunt

587 2819 770 2912 facienda,
790 2820 983 2918 mediique
1002 2821 1088 2896 aevi
1106 2821 1262 2918 sapiunt
1289 2820 1571 2896 credulitatem.
1591 2820 1719 2896 Bedae
1738 2820 1883 2895 librum
1900 2822 2030 2895 totum

587 2963 767 3061 excripsit
794 2964 842 3038 ad
869 2965 1042 3055 verbum,
1071 2965 1261 3060 capitibus
1289 2966 1429 3040 locisve
1469 2964 1695 3062 opportunis
1736 2964 1878 3040 addens
1906 2966 1947 3038 et
1974 2962 2031 3036 in·
2136 3023 2139 3028 .

587 3131 714 3184 serens
742 3131 798 3200 ea,
819 3132 917 3206 quae
936 3109 984 3183 ad
1003 3110 1191 3185 maiorem
1219 3111 1472 3208 geographiae
1499 3133 1629 3186 sacrae
1660 3103 1919 3208 cognitionem
1938 3111 2031 3204 apta

588 3252 659 3327 sibi
687 3251 930 3328 videbantur.
951 3253 1149 3328 Eiusmodi
1167 3253 1293 3330 fontes
1311 3255 1351 3327 in
1380 3254 1548 3329 editione
1575 3257 1710 3329 nostra
1738 3250 2030 3349 distinguendos

588 3397 817 3488 curarimus,
844 3400 891 3471 ut
908 3397 1005 3472 illud
1032 3397 1194 3495 perspici
1221 3401 1362 3495 posset,
1383 3396 1484 3494 quod
1503 3397 1552 3472 ad
1571 3397 1926 3494 Peregrinationem
1945 3416 2029 3491 spe·
2093 3409 2095 3416 ’

587 3545 730 3619 ctaret:
759 3544 910 3618 caetera
929 3545 1071 3634 autern,
1100 3564 1265 3639 quorum
1284 3543 1391 3639 origo
1410 3543 1519 3617 nobis
1537 3543 1600 3618 vel
1620 3542 1753 3639 ignota
1772 3542 1835 3617 vel
1849 3543 2028 3638 suspecta

588 3689 699 3777 esset,
727 3685 798 3760 snb
827 3686 1008 3782 anonymi
1035 3685 1153 3760 titulo
1181 3685 1495 3762 adiudicavimus.

667 3829 856 3905 Guibaldo
884 3830 1016 3904 abbati
1044 3831 1242 3934 casinensi
1264 3831 1407 3906 librum
1434 3831 1513 3928 ipse
1540 3852 1627 3905 cum
1664 3828 1827 3924 epistola
1855 3827 2021 3902 dicavit:

588 3973 695 4049 cuius
714 3972 771 4048 rei
798 3976 949 4070 tempus
977 3976 1138 4050 constat.
1168 3973 1270 4048 Nam
1302 3973 1513 4048 Guibaldus
1541 3972 1774 4068 aLotbario
1795 3973 2027 4069 imperatore

588 4141 622 4192 a.
649 4115 746 4191 1037
770 4116 818 4190 ad
846 4117 998 4191 abbatis
1027 4117 1255 4214 dignitatem
1285 4118 1451 4207 evectus,
1475 4120 1520 4191 ut
1545 4117 1819 4191 monachorum
1839 4113 2029 4191 discordes

588 4263 831 4359 componeret
849 4261 1007 4352 animos,
1027 4283 1105 4336 non
1127 4261 1230 4336 ultra
1250 4261 1344 4336 duos
1374 4283 1520 4336 menses
1539 4260 1679 4335 difficili
1699 4281 1857 4336 munere
1871 4259 2027 4334 functus

587 4408 647 4480 est
663 4396 688 4479 ².
709 4404 835 4492 Quare
853 4428 898 4480 ea
917 4426 1014 4502 spes,
1043 4427 1159 4502 quam
1189 4408 1234 4479 ut
1261 4403 1302 4478 in
1329 4405 1486 4500 prologo
1506 4402 1686 4494 ostendit,
1703 4403 1842 4478 Petrus
1856 4402 2027 4494 fovebat,

588 4553 634 4624 ut
653 4571 782 4626 omnes
802 4549 992 4624 Guibaldo
1020 4550 1161 4624 abbate
1188 4549 1365 4645 religioso
1398 4549 1494 4639 viro,
1524 4569 1563 4622 se
1591 4547 1641 4622 ad
1660 4548 1859 4622 meliorem
1876 4546 2027 4642 frugem

587 4691 825 4786 reducerent,
847 4713 936 4766 eum
964 4691 1112 4768 fefellit.
1142 4692 1255 4766 Liber
1282 4691 1330 4764 ad
1357 4713 1427 4765 nos
1453 4713 1532 4765 non
1559 4690 1707 4786 integer
1734 4689 1920 4785 pervenit,
1941 4709 2028 4762 cunr

589 4833 664 4911 line
691 4839 834 4928 careat,
854 4835 1032 4912 videlicet
1059 4836 1208 4933 epilogo
1236 4835 1472 4932 reliquarum
1504 4836 1674 4933 partium
1702 4832 2027 4930 Peregrinationis

588 5003 618 5054 s.
648 4978 807 5056 Silviae:
835 5003 934 5077 quae
961 4982 1035 5057 etsi
1053 4981 1094 5054 in
1120 4980 1291 5056 arretino
1319 4980 1445 5056 codice
1464 4983 1680 5077 supersunt,
1709 4982 1842 5054 tamen
1869 4983 2027 5077 propter

669 5258 784 5321 ¹Huno
803 5258 917 5320 librum
938 5276 1028 5320 suum
1046 5258 1163 5320 Petrus
1183 5256 1222 5318 D.
1244 5256 1382 5337 appellat
1400 5257 1434 5319 in
1455 5257 1567 5321 Chr-on
1584 5256 1685 5321 Oasin.
1700 5255 1758 5336 Iv,
1771 5275 1797 5320 o.
1812 5258 1861 5320 67.
1884 5256 2029 5320 «renna

586 5355 841 5438 repromissionis
861 5355 1097 5420 Itinerarium.»

667 5453 840 5534 'Gattula
860 5453 946 5516 Hist.
967 5453 1049 5516 nub.
1071 5452 1173 5516 Oasin.
1194 5451 1239 5532 11,
1259 5473 1289 5534 p.
1312 5453 1381 5514 331.
