4604 6560
647 678 691 748 98
1140 702 1167 750 0.
1191 703 1324 750 sruvrau
1346 701 1594 752 rnuuumaauro

644 941 712 1015 per
738 919 821 1016 ipsa
848 920 1061 1017 septimana
1088 921 1136 998 de
1163 922 1259 996 hora
1285 944 1400 1015 nona,
1428 923 1573 1019 quaed
1591 923 1823 1021 Martyrium
1841 924 2078 1017 convenitur,

644 1049 926 1122 consueverunt
954 1046 1017 1142 agi
1045 1069 1164 1143 usque
1192 1047 1240 1121 ad
1267 1069 1352 1124 sero
1370 1069 1439 1145 per
1457 1047 1539 1144 ipsa
1561 1049 1787 1145 septimana.
1806 1050 1923 1124 Missa
1951 1054 2079 1126 autem

645 1169 748 1245 18818
767 1172 813 1245 de
832 1171 1063 1269 Martyrium
1082 1173 1238 1248 venitur
1256 1173 1306 1246 ad
1320 1172 1527 1263 Anastase;
1543 1176 1585 1250 et
1602 1175 1657 1248 ibi
1674 1196 1760 1250 oum
1774 1179 1935 1250 ventum
1949 1174 2079 1268 fuerit,

645 1295 788 1392 legitur
814 1297 879 1372 ille
906 1297 1012 1373 locus
1039 1296 1086 1373 de
1113 1298 1325 1394 evangelio,
1354 1299 1421 1372 ubi
1448 1299 1547 1394 petit
1573 1320 1709 1396 eorpus
1742 1299 1899 1375 Domini
1938 1299 2078 1395 Joseph

645 1445 669 1496 a
696 1421 836 1514 Pilato,
864 1429 896 1496 01
923 1424 1041 1520 ponet
1066 1422 1163 1497 illud
1189 1422 1231 1497 18
1258 1423 1430 1520 sepulcro
1458 1447 1571 1501 novo.
1599 1423 1681 1501 Hoc
1716 1428 1850 1501 autem
1884 1425 1998 1518 lecto,
2035 1425 2080 1499 fit

644 1545 781 1636 oratio,
809 1546 1087 1623 benedicuntur
1113 1547 1380 1641 cathecumini‚
1408 1549 1461 1625 sie
1487 1549 1533 1624 fit
1564 1549 1679 1624 missa
1693 1541 1716 1626 ¹.
1743 1551 1831 1648 Ipsa
1858 1553 1993 1626 autem
2019 1550 2079 1626 die

643 1693 721 1746 non
749 1670 922 1746 mittitur
948 1696 1035 1765 vox,
1064 1676 1111 1748 ut
1137 1673 1388 1770 pervigiletur
1414 1674 1464 1749 ad
1491 1674 1693 1768 anastase,
1717 1676 1900 1771 quoniam
1923 1675 1997 1750 soit
2013 1697 2081 1771 po-

643 1794 777 1889 pulum
805 1795 1014 1892 fatigatum
1041 1819 1138 1872 esse:
1167 1799 1233 1872 sed
1261 1798 1495 1874 cousuetudo
1514 1801 1585 1891 est,
1604 1800 1652 1873 ut
1668 1799 1922 1896 pervigiletur
1939 1799 2005 1873 ibi.
2026 1798 2081 1874 Ao

643 1919 696 1994 sie
724 1920 791 2016 qui
818 1920 905 1996 vult
932 1920 978 1996 de
1005 1921 1158 2017 populo,
1187 1923 1304 1998 immo
1332 1923 1400 2019 qui
1427 1927 1601 2020 possunt,
1630 1924 1814 2020 vigilant:
1848 1924 1918 2020 qui
1949 1927 2081 1998 autom

641 2065 720 2118 nou
747 2048 917 2142 possunt,
946 2069 1024 2120 non
1050 2045 1215 2142 vigilant
1241 2047 1296 2121 ibi
1323 2070 1443 2144 usque
1470 2047 1511 2122 in
1539 2070 1669 2126 mane:
1688 2048 1813 2124 clerici
1833 2052 1965 2124 autem
1983 2048 2080 2143 vigi·

643 2168 728 2242 lant
754 2170 819 2263 ibi,
848 2169 888 2243 id
915 2173 974 2246 est
1001 2170 1092 2266 quia
1118 2173 1167 2246 ut
1192 2171 1372 2247 fortiores
1398 2175 1501 2264 sunt,
1534 2174 1605 2246 aut
1631 2165 1898 2248 iuveniores¹2
1926 2174 1968 2248 01
1993 2174 2081 2246 1818

641 2297 755 2370 88810
781 2294 963 2370 dicuutur
988 2294 1043 2368 ibi
1069 2295 1178 2392 ymni
1205 2296 1246 2370 et
1272 2294 1504 2392 antiphonae
1532 2317 1653 2392 usque
1681 2295 1730 2371 ad
1758 2317 1883 2371 mane.
1912 2295 2080 2370 Maxima

598 2443 603 2452 ·
641 2420 774 2494 autem
799 2420 918 2494 turba
944 2419 1196 2516 pervigilant:
1226 2418 1293 2494 8111
1320 2419 1367 2496 de
1393 2443 1490 2514 sera,
1519 2421 1588 2494 alii
1614 2420 1661 2496 de
1689 2420 1814 2496 media
1850 2423 1975 2513 nocte,
2014 2421 2080 2516 qui

641 2545 688 2617 ut
714 2544 886 2640 possunt.

722 2667 890 2742 Sabbato
910 2671 1040 2744 autem
1059 2669 1137 2743 alia
1156 2669 1217 2744 die
1236 2665 1345 2743 iu'xta
1364 2669 1681 2746 consuetudinem
1699 2669 1746 2745 fit
1763 2669 1812 2744 ad
1829 2672 1971 2746 tertia:
1987 2673 2080 2748 item

640 2793 686 2867 fit
713 2792 762 2867 ad
789 2795 916 2868 sexta:
946 2793 995 2866 ad
1021 2817 1164 2868 nonam
1191 2797 1324 2868 autem
1352 2795 1429 2869 iam
1456 2816 1533 2870 non
1552 2793 1598 2868 fit
1616 2794 1788 2886 sabbato,
1808 2795 1875 2869 sed
1893 2801 2081 2891 parantur

640 2917 796 3014 vigiliae
824 2917 1019 3013 paschales
1046 2918 1086 2992 in
1111 2920 1270 2994 08810018
1288 2920 1437 3011 maiori,
1457 2919 1574 2993 idest
1593 2920 1632 2992 in
1652 2919 1897 3016 Martyrium.
1918 2920 2080 3016 Vigiliae

595 3135 596 3138 Ν
641 3047 773 3119 autem
800 3044 995 3140 paschales
1023 3045 1076 3118 sic
1103 3048 1206 3136 sunt,
1237 3044 1558 3142 quemadmodum
1585 3043 1635 3118 ad
1661 3067 1743 3135 nos,
1767 3045 1838 3121 hoc
1865 3047 1991 3120 solum
2018 3046 2079 3122 hio

640 3169 805 3265 amplius
831 3169 895 3243 fit:
923 3168 1026 3266 quod
1053 3169 1232 3262 infantes,
1260 3193 1348 3245 oum
1370 3168 1577 3266 baptidiati
1595 3167 1752 3260 fuerint,
1772 3171 1812 3242 et
1830 3170 1964 3244 vestiti
1982 3192 2075 3266 que·

640 3294 886 3369 madmodum
904 3293 1034 3368 exient
1053 3293 1098 3369 de
1117 3293 1224 3370 fonte
1237 3285 1263 3386 ⁸,
1283 3294 1398 3368 simul
1417 3317 1504 3370 cum
1522 3293 1696 3391 episcopo
1715 3279 1881 3387 primum'
1900 3294 1950 3369 ad
1975 3293 2077 3368 Ana·

639 3423 741 3495 stass
769 3419 973 3495 ducuntur.
1002 3417 1130 3492 Intrat
1147 3418 1342 3515 episcopus
1360 3419 1464 3494 intro
1484 3418 1669 3494 caucellos
1688 3417 1911 3494 Anastasis:
1940 3418 2079 3494 dicitur

639 3567 739 3619 unus
766 3563 926 3642 ymnus3
955 3545 996 3620 01
1022 3544 1075 3619 018
1101 3543 1195 3618 18811
1217 3545 1431 3620 orationem
1449 3543 1645 3640 episeopus
1663 3567 1732 3639 pro
1756 3545 1821 3637 eis,
1842 3547 1884 3619 et
1902 3547 1956 3620 sie
1973 3546 2080 3622 venit

721 3857 731 3894 ¹
747 3858 832 3920 Nota
851 3863 917 3919 tres
938 3864 1108 3920 conventus
1128 3857 1322 3937 vespertinos
1343 3857 1493 3920 celebrari
1513 3855 1593 3920 feria
1612 3864 1702 3920 sexta
1720 3857 1753 3918 18
1773 3857 1964 3935 Parascevs‚
1986 3877 2079 3922 unum

639 3965 711 4019 ante
725 3955 864 4031 Crucem,
885 3953 1016 4016 alterum
1036 3954 1070 4015 in
1091 3954 1222 4016 ecelesia
1242 3954 1395 4034 Martyrii,
1417 3955 1544 4016 tertium
1563 3955 1597 4014 18
1617 3955 1783 4017 Anastase.

718 4051 860 4114 ’Clerici
881 4052 920 4114 ab
940 4051 1010 4131 ipso
1030 4051 1201 4114 iuventutis
1222 4049 1299 4115 flore
1319 4053 1468 4115 ecelesiae
1489 4052 1672 4116 serviendae
1693 4052 1924 4116 addicebantur.

704 4143 904 4230 '⁸Neophyti
918 4169 1024 4211 omnes
1038 4149 1273 4230 appellabantur
1292 4149 1437 4227 infantes,
1458 4157 1624 4231 propterea
1637 4151 1717 4229 quod
1734 4150 1767 4212 in
1786 4171 1898 4214 novam
1918 4152 2014 4215 vitam
2034 4174 2079 4215 re·

637 4250 851 4314 uescebantur.
873 4247 904 4310 S.
925 4247 1060 4310 Ioannes
1079 4248 1113 4309 iu
1126 4248 1218 4327 epist.
1232 4247 1258 4327 Ι,
1280 4267 1307 4309 0.
1327 4251 1357 4324 2,
1377 4267 1407 4309 v.
1430 4249 1483 4309 14:
1508 4248 1643 4310 «Scribo
1660 4249 1760 4327 vobis,
1775 4248 1922 4328 18188100,
1937 4250 2079 4329 quoniam

637 4346 828 4427 cognovistis
847 4346 1012 4408 Patrem.»
1035 4344 1128 4406 Sacro
1149 4343 1237 4406 fonte
1251 4351 1398 4432 exeuntes
1415 4351 1524 4408 vestes.
1533 4345 1621 4408 albae
1634 4345 1813 4426 induebant,
1833 4347 1995 4410 0081001818
2009 4369 2079 4409 mox

637 4445 784 4510 subibant
802 4449 972 4522 praeeunte
993 4442 1147 4522 episeopo.
1170 4441 1201 4504 S.
1222 4442 1374 4505 Paulinus
1395 4462 1443 4523 ep.
1464 4443 1502 4504 21
1525 4442 1566 4504 ad
1586 4441 1752 4505 Severum:

919 4638 1025 4700 «Inde
1044 4657 1157 4719 parens
1178 4657 1265 4701 sacro
1285 4637 1372 4700 ducit
1391 4638 1431 4700 de
1451 4637 1539 4701 10810
1559 4637 1710 4701 Sacerdos

959 4735 1100 4800 Infantes
1120 4738 1230 4800 niveos
1251 4757 1387 4818 corpore,
1408 4735 1510 4815 corde,
1530 4735 1678 4799 habitu.»

638 4932 792 4995 Solemnis
814 4931 964 4996 ecelesiae
985 4951 1051 4992 mos
1072 4930 1133 4993 fuit
1153 4932 1281 4994 sabbato
1302 4937 1408 4994 saneto
1432 4931 1465 4992 iu
1484 4930 1595 5010 vigilia
1607 4929 1748 4993 Paschae
1761 4932 1997 4996 resurrectionis
2010 4952 2078 4995 neo·

635 5030 753 5110 phyton
765 5029 931 5108 baptizare,
946 5035 982 5088 ut
994 5029 1224 5108 intelligeretur
1239 5049 1292 5091 eos
1305 5049 1375 5091 oum
1397 5027 1523 5090 Obrieto
1545 5049 1563 5091 a
1582 5037 1681 5090 morte
1698 5027 1739 5090 ad
1758 5029 1962 5091 immortalem
1982 5030 2077 5092 vitam

635 5148 810 5207 resurgere.
831 5127 880 5191 De
904 5125 1088 5207 baptisterio
1115 5147 1211 5209 prope
1238 5129 1420 5191 Anastasim
1446 5128 1585 5206 loquitur
1610 5127 1808 5190 Itinerarium
1835 5127 2077 5207 Burdigalense:

638 5227 760 5288 «Iussu
778 5215 976 5307 imperatoris
996 5225 1127 5288 basilica
1146 5225 1229 5288 18818
1251 5233 1308 5304 001,
1322 5227 1355 5288 id
1370 5231 1429 5305 est,
1444 5225 1630 5287 dominicum
1644 5226 1740 5289 mirae
1758 5225 2008 5306 pulchritudinis,
2029 5225 2078 5286 ha

635 5323 713 5384 bens
734 5321 879 5384 adlatus
900 5321 1084 5401 exceptoria,
1105 5321 1188 5384 unde
1208 5343 1287 5401 aqua
1306 5323 1444 5399 levatur,
1467 5330 1499 5384 et
1525 5321 1709 5384 balneuma
1734 5330 1834 5402 tergo,
1859 5323 1915 5384 ubi
1940 5321 2076 5384 infantes

636 5419 796 5501 (videlicet
815 5420 976 5504 neophyti)
997 5420 1177 5484 lavantur.»
1204 5421 1395 5502 Baptisterio
1417 5419 1594 5483 adiunctum
1615 5427 1682 5482 erat
1701 5421 1901 5499 vestibulum,
1916 5419 1948 5480 S.
1969 5417 2075 5498 cyrill.

637 5517 762 5579 Oateoh.
784 5518 811 5579 I.
