4604 6560
640 665 683 732 96
1134 689 1161 736 6.
1184 685 1316 734 slavica
1338 689 1586 737 nnaaanrrurro

637 905 919 998 61616161161;
948 907 1105 1001 ponitur
1132 908 1172 978 16
1201 929 1331 980 616666
1359 931 1475 1003 66661
1504 908 1650 1003 lignum
1679 907 2072 1001 616616666611116-

636 1021 726 1103 lus¹.
748 1029 843 1104 cum
862 1052 952 1126 ergo
979 1033 1149 1127 positum
1176 1032 1296 1104 suerit
1323 1033 1363 1104 in
1390 1053 1533 1121 mensa,
1557 1035 1754 1128 episcopus
1774 1032 1908 1106 sedens
1929 1031 1976 1105 de
1995 1055 2074 1104 rna·

636 1155 749 1228 nibus
777 1157 855 1229 suis
883 1157 1126 1230 summitates
1154 1156 1200 1230 16
1228 1157 1332 1252 ligno
1361 1162 1492 1231 666616
1525 1161 1690 1253 premet:
1730 1157 1905 1230 diacones
1945 1160 2074 1230 autem

636 1277 674 1350 in
695 1279 778 1374 giro
794 1282 936 1354 stantes
954 1281 1169 1356 custodent.
1189 1279 1271 1355 Hoc
1290 1286 1420 1356 autem
1441 1285 1643 1377 propterea
1663 1282 1716 1355 sic
1735 1280 1965 1371 custoditur,
1985 1283 2075 1376 quia

636 1406 873 1479 consuetudo
901 1409 971 1496 est,
1003 1408 1047 1479 ut
1075 1429 1174 1479 unus
1203 1409 1244 1481 et
1271 1429 1370 1480 unus
1398 1407 1521 1481 omnis
1542 1408 1712 1504 populus
1740 1407 1909 1496 veniens,
1929 1405 2073 1479 166111-

636 1526 739 1603 deles
759 1552 874 1625 quam
894 1530 1160 1620 cathecumini,
1181 1532 1371 1606 aeclinant
1389 1553 1428 1606 se
1448 1532 1498 1605 ad
1516 1551 1709 1620 mensam:
1729 1531 1950 1605 osculentur
1969 1553 2072 1605 sauc-
2171 1609 2179 1630 ,

632 1655 717 1726 tum
746 1653 907 1748 lignum,
936 1657 977 1728 et
998 1657 1280 1750 pertranseunt.
1301 1654 1351 1727 111
1370 1656 1567 1750 66661616,
1587 1656 1712 1730 666616
1732 1655 1900 1752 666616,
1921 1654 2071 1747 1161161,

633 1777 789 1873 6611616
817 1777 958 1854 fixisset
993 1802 1161 1853 morsum
1194 1779 1427 1854 6116166661
1454 1784 1588 1856 sancto
1624 1771 1764 1877 ligno²:
1802 1780 1889 1854 ideo
1916 1801 2019 1854 nunc
2050 1804 2073 1852 a

633 1901 866 1995 diaconibus,
897 1906 963 2000 qui
990 1905 1029 1977 in
1058 1905 1140 2000 giro
1169 1908 1288 1993 stant,
1317 1905 1371 1979 sic
1399 1904 1627 1995 custoditur,
1653 1925 1702 1979 ne
1721 1904 1805 1998 quis
1824 1903 1983 1994 veniens
2006 1925 2072 1975 au·

633 2025 725 2100 1661
752 2027 876 2101 16666
905 2027 957 2101 616
984 2027 1121 2103 facere.
1151 2027 1206 2102 Ac
1233 2029 1286 2102 sic
1314 2051 1402 2124 ergo
1431 2031 1555 2103 omnis
1589 2031 1752 2125 6666166
1786 2029 1942 2112 transit,
1975 2050 2073 2100 unus

632 2153 674 2223 et
701 2173 811 2242 unus,
840 2153 916 2225 toti
944 2152 1176 2226 acclinantes
1203 2173 1254 2242 se,
1284 2152 1450 2246 primum
1478 2153 1524 2226 de
1553 2152 1681 2227 fronte
1709 2153 1762 2226 sic
1781 2151 1826 2225 de
1846 2150 1967 2224 oculis
1986 2154 2072 2223 tan·

632 2278 764 2370 gentes
784 2298 934 2350 crucem
952 2279 992 2350 61
1009 2271 1191 2349 titulum:
1213 2278 1254 2349 61
1281 2277 1334 2351 616
1362 2278 1578 2352 osculantes
1598 2299 1746 2352 crucem
1777 2278 2072 2371 pertranseunt:

633 2421 790 2473 manum
818 2406 951 2474 autem
978 2422 1091 2474 nemo
1119 2401 1244 2474 mittit
1263 2401 1312 2474 ad
1330 2402 1579 2497 tangendum.
1600 2401 1654 2474 At
1673 2402 1740 2475 ubi
1759 2403 1893 2474 autem
1913 2400 2074 2474 osculati

632 2524 778 2599 fuerint
805 2547 966 2614 crucem,
996 2526 1303 2620 pertransierint,
1324 2529 1407 2600 stat
1434 2528 1629 2618 diaconus,
1659 2530 1770 2602 16661
1789 2526 1949 2600 anulum
1970 2524 2075 2599 Salo-

632 2650 767 2740 monis,
796 2654 837 2724 et
864 2672 981 2725 cornu
1008 2651 1117 2740 illud,
1147 2651 1193 2726 de
1220 2674 1295 2746 quo
1315 2674 1422 2747 reges
1449 2643 1752 2748 unguebantur³,
1773 2651 2016 2726 osculantur:
2036 2653 2076 2724 et

633 2796 751 2848 cornu
780 2775 983 2850 attendent
1010 2777 1050 2850 et
1078 2775 1237 2850 anulum
1351 2815 1359 2828 ·
1413 2763 1420 2772 ’
1864 2777 1991 2851 161666
2018 2797 2074 2849 se·
2116 2787 2122 2796 '

634 2890 784 2975 cunda⁴
1956 2922 2076 2996 usque

715 3245 725 3281 ¹
740 3245 878 3307 Titulum
888 3244 988 3307 616616
1003 3264 1072 3307 6661
1089 3267 1180 3308 61666
1195 3247 1346 3308 Η6166616
1360 3247 1517 3327 reperisse
1531 3249 1704 3329 6666611666
1715 3269 1734 3310 6
1744 3248 1967 3328 Ohryeostomo
1978 3245 2077 3328 (Orat.

634 3341 667 3403 16
688 3343 795 3404 Ioanu.
817 3363 844 3404 6.·
864 3345 927 3425 84),
948 3351 981 3404 61
1000 3343 1111 3404 Rufino
1133 3345 1229 3425 (Hiar.
1251 3344 1333 3405 Eccl.
1355 3345 1398 3424 X,
1418 3348 1451 3426 8)
1473 3353 1505 3406 61
1526 3345 1652 3408 Socrate
1672 3345 1807 3423 allegato
1829 3345 1924 3406 etiam
1943 3344 1976 3404 in
1990 3343 2074 3404 Hist.

586 3427 588 3430 ⁵
634 3441 805 3522 Tripartita
826 3443 891 3524 (lib.
912 3443 956 3520 11,
978 3462 1004 3504 c.
1027 3443 1088 3523 11).
1109 3443 1147 3502 16
1161 3442 1269 3503 Crucis
1289 3443 1428 3504 cubiculo
1450 3450 1592 3505 66116166
1611 3451 1679 3505 6161
1699 3463 1796 3520 66666
1818 3441 1857 3503 61
1879 3441 2074 3503 ecclesiarum

633 3539 973 3620 hierosolymitanorum
995 3540 1187 3603 eversionem
1209 3563 1227 3602 a
1248 3541 1384 3604 Ohosroe
1408 3542 1574 3604 Persarum
1595 3562 1670 3621 roge
1689 3549 1858 3620 patratam:
1880 3559 1951 3600 nam
1971 3541 2075 3601 Anto—

632 3639 724 3699 ninus
745 3639 832 3699 illum
846 3639 935 3718 vidit,
957 3639 1160 3717 adoravitque
1177 3640 1215 3719 (a.
1238 3641 1309 3701 circ.
1331 3641 1420 3720 570):
1444 3641 1618 3716 (11161616,
1633 3641 1684 3718 661
1706 3660 1800 3718 66661
1819 3646 1913 3718 66661
1932 3639 2006 3700 1666
2026 3658 2077 3717 po

634 3735 713 3797 61166
734 3744 810 3814 6161,
827 3738 903 3798 etin
919 3758 978 3816 666
994 3739 1143 3817 scriptum
1158 3743 1207 3799 est
1220 3741 1360 3800 -Iesua
1377 3741 1564 3800 Nazaraaua
1584 3743 1654 3800 aaa
1674 3741 1866 3800 Iudaeorum
1886 3773 1925 3783 -
1945 3736 2021 3814 vidi,
2042 3744 2075 3798 61

632 3834 665 3894 16
685 3855 778 3895 16666
798 3855 868 3896 1666
886 3835 981 3914 16661,
1005 3841 1037 3898 61
1058 3835 1215 3897 osculatus
1236 3855 1334 3896 sum»
1359 3837 1436 3916 (cap.
1455 3839 1518 3918 20).

713 3931 882 3994 'Meminit
902 3933 1074 4012 Procopius
1096 3934 1188 4015 (Bell.
1209 3934 1297 3996 Pers.
1318 3934 1339 3994 l.
1360 3935 1404 4012 H,
1419 3955 1484 4013 cap.
1502 3936 1552 4015 11)
1567 3935 1729 4013 quemdam
1748 3935 1859 4014 Syrum
1881 3939 2075 4011 segmentum

634 4029 745 4092 016616
765 4029 896 4107 furasse,
919 4032 1001 4109 quod
1021 4033 1177 4110 Apameae
1201 4034 1384 4094 servabatur
1410 4053 1479 4095 6616
1506 4055 1619 4114 magna
1648 4034 1862 4112 veneratione;
1887 4053 1948 4095 non
1973 4039 2077 4094 autem

632 4135 733 4190 161616
753 4129 873 4209 lignum
892 4127 1011 4191 1616111
1030 4151 1144 4210 morsu,
1166 4130 1239 4209 6616
1257 4131 1392 4193 cubitale
1413 4137 1489 4193 6161.

712 4227 876 4290 ⁸Annlum
897 4227 1070 4290 Salomonis
1091 4237 1123 4291 et
1144 4249 1239 4291 66166
1259 4229 1382 4308 regium
1407 4250 1426 4291 a
1445 4231 1639 4309 Vespasiano
1659 4230 1789 4291 Romam
1810 4229 1906 4291 allata
1927 4249 1996 4291 esse
2016 4249 2078 4290 666

632 4345 701 4389 cum
715 4326 868 4388 manubiis
889 4327 997 4406 templi
1012 4325 1127 4388 iudaici
1140 4347 1202 4389 non
1216 4328 1282 4388 sine
1296 4327 1429 4405 quadam
1444 4348 1537 4389 eausa
1551 4327 1701 4408 suspicor,
1716 4335 1857 4408 pnsteaa
1873 4327 2076 4389 Constantino

632 4425 683 4487 vel
704 4445 723 4486 6
743 4425 925 4488 Constantio
947 4426 1098 4488 ecclesiae
1112 4425 1287 4505 Golgothae
1302 4445 1456 4488 concessa.
1473 4427 1672 4506 Compertum
1686 4427 1766 4488 enim
1782 4433 1833 4488 ast
1846 4425 1985 4488 eiusdem
1996 4432 2074 4486 tem·

632 4523 678 4604 pli
699 4543 776 4587 vasa
795 4523 914 4587 Romae
935 4523 973 4585 ad
995 4532 1165 4586 6111616661
1185 4545 1283 4603 66666
1304 4533 1426 4606 1616666
1446 4534 1571 4587 servata
1592 4545 1671 4602 6666,
1692 4543 1770 4604 quae
1791 4526 1981 4588 Gensericus
1994 4526 2076 4589 Van·

634 4621 773 4682 dolorum
791 4642 848 4684 rex
867 4621 971 4702 rapuit
993 4630 1025 4682 61
1045 4622 1079 4682 16
1099 4622 1238 4684 Africam
1258 4622 1430 4701 asportavit
1460 4624 1600 4702 (Procop.
1622 4622 1703 4683 Bell.
1725 4622 1856 4684 Vandal.
1877 4623 1899 4685 l.
1921 4625 1965 4700 H,
1985 4643 2010 4684 6.
2034 4625 2076 4703 9).

633 4719 763 4781 Saeculo
784 4727 871 4782 sexto
893 4720 934 4781 16
953 4728 1084 4798 6116666
1111 4721 1228 4782 mentio
1256 4720 1356 4782 adhuc
1383 4720 1419 4780 fit
1447 4742 1465 4781 a
1491 4721 1761 4800 peregrinantibus
1788 4741 1844 4801 per
1868 4721 1937 4783 1666
1958 4733 2074 4782 666616.
2162 4727 2170 4744 ’

632 4814 765 4877 Β161161
786 4816 824 4877 16
845 4816 939 4877 Hier:
964 4817 1052 4878 «Ubi
1076 4818 1120 4897 (in
1141 4817 1280 4879 cubiculo
1303 4817 1423 4898 016616)
1446 4823 1495 4878 661
1514 4817 1593 4877 11161
1614 4837 1718 4896 66166,
1745 4838 1804 4895 666
1831 4815 1936 4878 David
1962 4823 2074 4877 unctus

634 4918 736 4973 66161
757 4913 910 4988 Salomon,
932 4914 1039 4976 611116
1060 4915 1171 4976 anulus
1190 4915 1317 4992 ibidem,
1337 4916 1419 4978 unde
1442 4915 1586 4976 Salomon
1606 4913 1760 4992 sigillavit
1783 4934 1950 4992 sermones,
1972 4921 2004 4976 61
2025 4921 2075 4974 661

634 5008 673 5070 16
695 5009 847 5070 electro.»
872 5011 920 5072 cf.
942 5012 1161 5090 Theodosium,
1183 5014 1203 5092 ξ
1224 5013 1252 5072 3.

714 5106 849 5169 ⁴Lauda
869 5107 1009 5170 monaehi
1026 5108 1230 5188 diligentiam,
1252 5109 1304 5186 661
1325 5109 1487 5188 archetypi
1516 5109 1701 5189 scripturam
1729 5109 1796 5170 sive
1824 5110 1986 5171 evanidam
2006 5108 2074 5170 sive

633 5201 736 5264 166616
748 5203 856 5266 charta
869 5203 1064 5283 deperditam
1083 5205 1243 5284 indicavit,
1259 5227 1320 5267 uno
1336 5207 1479 5268 61611616
1494 5207 1590 5284 hiatu,
1606 5227 1729 5268 versum
1743 5206 1981 5286 interrumpens.
1996 5205 2074 5267 Scri-

633 5309 741 5382 666161
761 5302 843 5365 enim
864 5307 999 5365 secunda
1013 5306 1110 5384 farta,
1133 5305 1189 5367 sed
1209 5325 1315 5367 166616
1330 5307 1418 5386 ferta
1438 5304 1551 5368 deinde
1573 5305 1728 5386 expunxit.
1750 5306 1865 5366 Parum
1886 5305 1990 5367 deest:
2013 5305 2074 5366 de-

634 5398 780 5460 scribitur
800 5408 901 5462 661616
923 5400 1062 5463 61616116
1087 5401 1187 5465 616616
1214 5423 1233 5463 a
1253 5401 1385 5481 singulis
1405 5409 1540 5484 peracta,
1562 5423 1638 5480 quae
1659 5409 1787 5481 propter
1807 5401 1912 5482 666611
1938 5401 2074 5463 multitu·

634 5493 738 5557 dinem
758 5517 777 5560 a
797 5496 933 5559 secunda
952 5497 1027 5560 hora
1047 5498 1110 5560 diei
1129 5499 1170 5562 ad
1190 5499 1296 5562 horam
1315 5519 1415 5579 usque
1436 5508 1556 5563 sextam
1576 5500 1822 5582 6161161616161.
1931 5547 1938 5560 .
