<?xml version="1.0" encoding="UTF-8"?>
<!DOCTYPE html PUBLIC "-//W3C//DTD XHTML 1.0 Transitional//EN"
    "http://www.w3.org/TR/xhtml1/DTD/xhtml1-transitional.dtd">
<html xmlns="http://www.w3.org/1999/xhtml" xml:lang="en" lang="en">
 <head>
  <title>
</title>
<meta http-equiv="Content-Type" content="text/html;charset=utf-8" />
  <meta name='ocr-system' content='tesseract 3.04.00' />
  <meta name='ocr-capabilities' content='ocr_page ocr_carea ocr_par ocr_line ocrx_word'/>
</head>
<body>
  <div class='ocr_page' id='page_1' title='image "./shilariitractat00petrgoog_0176.png"; bbox 0 0 4604 6560; ppageno 0'>
   <div class='ocr_carea' id='block_1_1' title="bbox 626 735 1466 804">
    <p class='ocr_par' dir='ltr' id='par_1_1' title="bbox 626 735 1466 804">
     <span class='ocr_line' id='line_1_1' title="bbox 626 735 1466 804; baseline 0.001 -2"><span class='ocrx_word' id='word_1_1' title='bbox 626 735 689 802; x_wconf 86' lang='lat'><strong>134</strong></span> <span class='ocrx_word' id='word_1_2' title='bbox 1208 757 1307 804; x_wconf 79' lang='lat' dir='ltr'><strong>rrrnr</strong></span> <span class='ocrx_word' id='word_1_3' title='bbox 1330 757 1466 803; x_wconf 74' lang='lat' dir='ltr'><strong>nucem</strong></span> 
     </span>
    </p>
   </div>
   <div class='ocr_carea' id='block_1_2' title="bbox 529 971 2051 3941">
    <p class='ocr_par' dir='ltr' id='par_1_2' title="bbox 621 971 2050 1198">
     <span class='ocr_line' id='line_1_2' title="bbox 622 971 2050 1070; baseline 0.002 -25"><span class='ocrx_word' id='word_1_4' title='bbox 622 971 662 1047; x_wconf 91' lang='lat' dir='ltr'><strong>in</strong></span> <span class='ocrx_word' id='word_1_5' title='bbox 688 972 783 1064; x_wconf 92' lang='lat' dir='ltr'><strong>loco,</strong></span> <span class='ocrx_word' id='word_1_6' title='bbox 812 973 878 1069; x_wconf 93' lang='lat' dir='ltr'><strong>qui</strong></span> <span class='ocrx_word' id='word_1_7' title='bbox 905 972 1044 1048; x_wconf 86' lang='lat' dir='ltr'><strong>dicitur</strong></span> <span class='ocrx_word' id='word_1_8' title='bbox 1070 973 1313 1065; x_wconf 71' lang='lat' dir='ltr'><strong>chariassati,</strong></span> <span class='ocrx_word' id='word_1_9' title='bbox 1334 995 1432 1070; x_wconf 87' lang='lat' dir='ltr'><strong>quae</strong></span> <span class='ocrx_word' id='word_1_10' title='bbox 1450 979 1541 1049; x_wconf 89' lang='lat' dir='ltr'><strong>ante</strong></span> <span class='ocrx_word' id='word_1_11' title='bbox 1559 974 1662 1050; x_wconf 89' lang='lat' dir='ltr'><strong>dicta</strong></span> <span class='ocrx_word' id='word_1_12' title='bbox 1678 977 1739 1050; x_wconf 89' lang='lat' dir='ltr'><strong>est</strong></span> <span class='ocrx_word' id='word_1_13' title='bbox 1765 977 1897 1050; x_wconf 87' lang='lat' dir='ltr'><strong>autem</strong></span> <span class='ocrx_word' id='word_1_14' title='bbox 1924 975 2050 1050; x_wconf 89' lang='lat' dir='ltr'><strong>Mora·</strong></span> 
     </span>
     <span class='ocr_line' id='line_1_3' title="bbox 621 1093 1718 1198; baseline 0.003 -26"><span class='ocrx_word' id='word_1_15' title='bbox 621 1098 742 1189; x_wconf 87' lang='lat' dir='ltr'><strong>etites,</strong></span> <span class='ocrx_word' id='word_1_16' title='bbox 771 1102 830 1174; x_wconf 88' lang='lat' dir='ltr'><strong>est</strong></span> <span class='ocrx_word' id='word_1_17' title='bbox 857 1101 1099 1196; x_wconf 77' lang='lat' dir='ltr'>sepulchrum</span> <span class='ocrx_word' id='word_1_18' title='bbox 1126 1102 1248 1176; x_wconf 86' lang='lat' dir='ltr'><strong>sancti</strong></span> <span class='ocrx_word' id='word_1_19' title='bbox 1274 1101 1444 1177; x_wconf 84' lang='lat' dir='ltr'><strong>Micheae</strong></span> <span class='ocrx_word' id='word_1_20' title='bbox 1471 1102 1679 1198; x_wconf 88' lang='lat' dir='ltr'><strong>prophetae</strong></span> <span class='ocrx_word' id='word_1_21' title='bbox 1694 1093 1718 1175; x_wconf 90' lang='lat'><strong>¹.</strong></span> 
     </span>
    </p>

    <p class='ocr_par' dir='ltr' id='par_1_3' title="bbox 620 1218 2051 1445">
     <span class='ocr_line' id='line_1_4' title="bbox 700 1218 2051 1324; baseline 0.001 -26"><span class='ocrx_word' id='word_1_22' title='bbox 700 1223 866 1321; x_wconf 86' lang='lat' dir='ltr'><strong>Taphnis</strong></span> <span class='ocrx_word' id='word_1_23' title='bbox 884 1229 943 1300; x_wconf 90' lang='lat' dir='ltr'><strong>est</strong></span> <span class='ocrx_word' id='word_1_24' title='bbox 969 1227 1224 1324; x_wconf 87' lang='lat' dir='ltr'><strong>posita·super</strong></span> <span class='ocrx_word' id='word_1_25' title='bbox 1242 1227 1364 1324; x_wconf 86' lang='lat' dir='ltr'><strong>ripam</strong></span> <span class='ocrx_word' id='word_1_26' title='bbox 1382 1227 1550 1302; x_wconf 84' lang='lat' dir='ltr'><strong>fluminis</strong></span> <span class='ocrx_word' id='word_1_27' title='bbox 1568 1227 1647 1302; x_wconf 86' lang='lat' dir='ltr'><strong>Nili</strong></span> <span class='ocrx_word' id='word_1_28' title='bbox 1660 1218 1692 1300; x_wconf 83' lang='lat'><strong>²:</strong></span> <span class='ocrx_word' id='word_1_29' title='bbox 1712 1227 1766 1301; x_wconf 93' lang='lat' dir='ltr'><strong>ibi</strong></span> <span class='ocrx_word' id='word_1_30' title='bbox 1784 1231 1843 1302; x_wconf 89' lang='lat' dir='ltr'><strong>est</strong></span> <span class='ocrx_word' id='word_1_31' title='bbox 1861 1226 2051 1323; x_wconf 86' lang='lat' dir='ltr'><strong>palatium</strong></span> 
     </span>
     <span class='ocr_line' id='line_1_5' title="bbox 620 1347 2049 1445; baseline 0.003 -26"><span class='ocrx_word' id='word_1_32' title='bbox 620 1347 842 1440; x_wconf 63' lang='lat' dir='ltr'><strong>Pharaonis</strong></span> <span class='ocrx_word' id='word_1_33' title='bbox 870 1349 937 1423; x_wconf 90' lang='lat' dir='ltr'><strong>ubi</strong></span> <span class='ocrx_word' id='word_1_34' title='bbox 964 1353 1118 1424; x_wconf 85' lang='lat' dir='ltr'><strong>sanctus</strong></span> <span class='ocrx_word' id='word_1_35' title='bbox 1146 1351 1294 1445; x_wconf 84' lang='lat' dir='ltr'><strong>Moyses</strong></span> <span class='ocrx_word' id='word_1_36' title='bbox 1322 1371 1450 1425; x_wconf 87' lang='lat' dir='ltr'><strong>coram</strong></span> <span class='ocrx_word' id='word_1_37' title='bbox 1486 1351 1685 1425; x_wconf 79' lang='lat' dir='ltr'><strong>Pharaone</strong></span> <span class='ocrx_word' id='word_1_38' title='bbox 1719 1350 1910 1426; x_wconf 86' lang='lat' dir='ltr'><strong>mirabilia</strong></span> <span class='ocrx_word' id='word_1_39' title='bbox 1947 1349 2049 1426; x_wconf 86' lang='lat' dir='ltr'><strong>fecit.</strong></span> 
     </span>
    </p>

    <p class='ocr_par' dir='ltr' id='par_1_4' title="bbox 529 1474 2051 3941">
     <span class='ocr_line' id='line_1_6' title="bbox 700 1474 2050 1580; baseline 0.003 -34"><span class='ocrx_word' id='word_1_40' title='bbox 700 1474 760 1564; x_wconf 89' lang='grc' dir='ltr'><strong>(Β.</strong></span> <span class='ocrx_word' id='word_1_41' title='bbox 787 1497 817 1550; x_wconf 88' lang='lat' dir='ltr'><strong>c.</strong></span> <span class='ocrx_word' id='word_1_42' title='bbox 846 1475 972 1566; x_wconf 86' lang='lat' dir='ltr'><em>XIX).</em></span> <span class='ocrx_word' id='word_1_43' title='bbox 1001 1475 1230 1576; x_wconf 70' lang='lat' dir='ltr'><strong>Alexandria</strong></span> <span class='ocrx_word' id='word_1_44' title='bbox 1267 1477 1315 1550; x_wconf 87' lang='lat' dir='ltr'><strong>ab</strong></span> <span class='ocrx_word' id='word_1_45' title='bbox 1343 1499 1476 1552; x_wconf 88' lang='lat' dir='ltr'><strong>occasu</strong></span> <span class='ocrx_word' id='word_1_46' title='bbox 1505 1477 1544 1580; x_wconf 85' lang='lat' dir='ltr'><strong>in</strong></span> <span class='ocrx_word' id='word_1_47' title='bbox 1572 1481 1702 1551; x_wconf 88' lang='lat' dir='ltr'><strong>ortum</strong></span> <span class='ocrx_word' id='word_1_48' title='bbox 1729 1476 1819 1550; x_wconf 88' lang='lat' dir='ltr'><strong>solis</strong></span> <span class='ocrx_word' id='word_1_49' title='bbox 1845 1477 1973 1572; x_wconf 88' lang='lat' dir='ltr'><strong>longa,</strong></span> <span class='ocrx_word' id='word_1_50' title='bbox 2002 1477 2050 1550; x_wconf 91' lang='lat' dir='ltr'><strong>ab</strong></span> 
     </span>
     <span class='ocr_line' id='line_1_7' title="bbox 620 1599 2049 1697; baseline 0.001 -25"><span class='ocrx_word' id='word_1_51' title='bbox 620 1601 752 1672; x_wconf 88' lang='lat' dir='ltr'><strong>austro</strong></span> <span class='ocrx_word' id='word_1_52' title='bbox 780 1600 886 1674; x_wconf 89' lang='lat' dir='ltr'><strong>ostiis</strong></span> <span class='ocrx_word' id='word_1_53' title='bbox 913 1599 993 1673; x_wconf 88' lang='lat' dir='ltr'><strong>Nili</strong></span> <span class='ocrx_word' id='word_1_54' title='bbox 1011 1601 1187 1696; x_wconf 87' lang='lat' dir='ltr'><strong>cingitur,</strong></span> <span class='ocrx_word' id='word_1_55' title='bbox 1207 1603 1256 1675; x_wconf 91' lang='lat' dir='ltr'><strong>ab</strong></span> <span class='ocrx_word' id='word_1_56' title='bbox 1275 1601 1454 1697; x_wconf 88' lang='lat' dir='ltr'><strong>aquilone</strong></span> <span class='ocrx_word' id='word_1_57' title='bbox 1476 1601 1562 1676; x_wconf 87' lang='lat' dir='ltr'><strong>lacu</strong></span> <span class='ocrx_word' id='word_1_58' title='bbox 1590 1601 1807 1692; x_wconf 88' lang='lat' dir='ltr'><strong>Mareotico,</strong></span> <span class='ocrx_word' id='word_1_59' title='bbox 1828 1602 1936 1678; x_wconf 88' lang='lat' dir='ltr'><strong>cuius</strong></span> <span class='ocrx_word' id='word_1_60' title='bbox 1964 1623 2049 1696; x_wconf 93' lang='lat' dir='ltr'><strong>por·</strong></span> 
     </span>
     <span class='ocr_line' id='line_1_8' title="bbox 620 1723 2050 1822; baseline 0.002 -28"><span class='ocrx_word' id='word_1_61' title='bbox 620 1723 684 1794; x_wconf 85' lang='lat' dir='ltr'><strong>tus</strong></span> <span class='ocrx_word' id='word_1_62' title='bbox 711 1723 844 1797; x_wconf 88' lang='lat' dir='ltr'><strong>ceteris</strong></span> <span class='ocrx_word' id='word_1_63' title='bbox 872 1723 1067 1814; x_wconf 88' lang='lat' dir='ltr'><strong>difficilior,</strong></span> <span class='ocrx_word' id='word_1_64' title='bbox 1097 1725 1206 1821; x_wconf 89' lang='lat' dir='ltr'><strong>quasi</strong></span> <span class='ocrx_word' id='word_1_65' title='bbox 1233 1724 1281 1798; x_wconf 93' lang='lat' dir='ltr'><strong>ad</strong></span> <span class='ocrx_word' id='word_1_66' title='bbox 1305 1725 1467 1799; x_wconf 89' lang='lat' dir='ltr'><strong>formam</strong></span> <span class='ocrx_word' id='word_1_67' title='bbox 1485 1725 1645 1799; x_wconf 87' lang='lat' dir='ltr'><strong>humani</strong></span> <span class='ocrx_word' id='word_1_68' title='bbox 1664 1725 1828 1821; x_wconf 87' lang='lat' dir='ltr'><strong>corporis</strong></span> <span class='ocrx_word' id='word_1_69' title='bbox 1856 1725 1897 1798; x_wconf 93' lang='lat' dir='ltr'><strong>in</strong></span> <span class='ocrx_word' id='word_1_70' title='bbox 1926 1727 2050 1822; x_wconf 87' lang='lat' dir='ltr'><strong>capite</strong></span> 
     </span>
     <span class='ocr_line' id='line_1_9' title="bbox 530 1847 2051 1947; baseline 0.002 -26"><span class='ocrx_word' id='word_1_71' title='bbox 530 1849 533 1856; x_wconf 82' lang='lat'>&#39;</span> <span class='ocrx_word' id='word_1_72' title='bbox 620 1847 702 1942; x_wconf 86' lang='lat' dir='ltr'><strong>ipso</strong></span> <span class='ocrx_word' id='word_1_73' title='bbox 728 1852 768 1923; x_wconf 90' lang='lat' dir='ltr'><strong>et</strong></span> <span class='ocrx_word' id='word_1_74' title='bbox 795 1850 961 1924; x_wconf 87' lang='lat' dir='ltr'><strong>statione</strong></span> <span class='ocrx_word' id='word_1_75' title='bbox 989 1851 1173 1946; x_wconf 84' lang='lat' dir='ltr'><strong>capacior,</strong></span> <span class='ocrx_word' id='word_1_76' title='bbox 1197 1851 1237 1923; x_wconf 94' lang='lat' dir='ltr'><strong>in</strong></span> <span class='ocrx_word' id='word_1_77' title='bbox 1255 1850 1428 1925; x_wconf 87' lang='lat' dir='ltr'><strong>faucibus</strong></span> <span class='ocrx_word' id='word_1_78' title='bbox 1447 1873 1537 1926; x_wconf 90' lang='lat' dir='ltr'><strong>vcro</strong></span> <span class='ocrx_word' id='word_1_79' title='bbox 1558 1852 1768 1946; x_wconf 86' lang='lat' dir='ltr'><strong>angustior,</strong></span> <span class='ocrx_word' id='word_1_80' title='bbox 1797 1874 1874 1947; x_wconf 91' lang='lat' dir='ltr'><strong>qua</strong></span> <span class='ocrx_word' id='word_1_81' title='bbox 1900 1853 2051 1925; x_wconf 90' lang='lat' dir='ltr'><strong>meatus</strong></span> 
     </span>
     <span class='ocr_line' id='line_1_10' title="bbox 529 1951 2051 2072; baseline 0.003 -28"><span class='ocrx_word' id='word_1_82' title='bbox 529 2038 533 2044; x_wconf 91' lang='lat'><strong>.</strong></span> <span class='ocrx_word' id='word_1_83' title='bbox 619 1973 735 2048; x_wconf 90' lang='lat' dir='ltr'><strong>maris</strong></span> <span class='ocrx_word' id='word_1_84' title='bbox 758 1997 801 2048; x_wconf 87' lang='lat' dir='ltr'><strong>ac</strong></span> <span class='ocrx_word' id='word_1_85' title='bbox 819 1973 976 2050; x_wconf 86' lang='lat' dir='ltr'><strong>navium</strong></span> <span class='ocrx_word' id='word_1_86' title='bbox 996 1951 1165 2071; x_wconf 88' lang='lat' dir='ltr'><strong>suscipit,</strong></span> <span class='ocrx_word' id='word_1_87' title='bbox 1185 1975 1322 2070; x_wconf 88' lang='lat' dir='ltr'><strong>quibus</strong></span> <span class='ocrx_word' id='word_1_88' title='bbox 1343 1975 1528 2072; x_wconf 78' lang='lat' dir='ltr'><strong>quaedam</strong></span> <span class='ocrx_word' id='word_1_89' title='bbox 1546 1975 1715 2071; x_wconf 85' lang='lat' dir='ltr'><strong>spirandi</strong></span> <span class='ocrx_word' id='word_1_90' title='bbox 1733 1975 1903 2050; x_wconf 89' lang='lat' dir='ltr'><strong>subsidia</strong></span> <span class='ocrx_word' id='word_1_91' title='bbox 1921 1975 2051 2072; x_wconf 90' lang='lat' dir='ltr'><strong>portui</strong></span> 
     </span>
     <span class='ocr_line' id='line_1_11' title="bbox 619 2099 2049 2198; baseline 0.002 -27"><span class='ocrx_word' id='word_1_92' title='bbox 619 2099 983 2174; x_wconf 84' lang='lat' dir='ltr'><strong>subministrantur:</strong></span> <span class='ocrx_word' id='word_1_93' title='bbox 1012 2102 1079 2175; x_wconf 92' lang='lat' dir='ltr'><strong>ubi</strong></span> <span class='ocrx_word' id='word_1_94' title='bbox 1107 2101 1191 2196; x_wconf 87' lang='lat' dir='ltr'><strong>quis</strong></span> <span class='ocrx_word' id='word_1_95' title='bbox 1228 2101 1425 2196; x_wconf 85' lang='lat' dir='ltr'><strong>angustias</strong></span> <span class='ocrx_word' id='word_1_96' title='bbox 1462 2105 1578 2197; x_wconf 90' lang='lat' dir='ltr'><strong>atque</strong></span> <span class='ocrx_word' id='word_1_97' title='bbox 1606 2123 1674 2176; x_wconf 89' lang='lat' dir='ltr'><strong>ora</strong></span> <span class='ocrx_word' id='word_1_98' title='bbox 1700 2105 1834 2198; x_wconf 88' lang='lat' dir='ltr'><strong>portus</strong></span> <span class='ocrx_word' id='word_1_99' title='bbox 1870 2101 2049 2191; x_wconf 86' lang='lat' dir='ltr'><strong>evaserit,</strong></span> 
     </span>
     <span class='ocr_line' id='line_1_12' title="bbox 618 2211 2048 2322; baseline 0.001 -24"><span class='ocrx_word' id='word_1_100' title='bbox 618 2226 818 2321; x_wconf 76' lang='lat' dir='ltr'><strong>tamquam</strong></span> <span class='ocrx_word' id='word_1_101' title='bbox 845 2224 992 2321; x_wconf 89' lang='lat' dir='ltr'><strong>reliqua</strong></span> <span class='ocrx_word' id='word_1_102' title='bbox 1019 2225 1184 2320; x_wconf 90' lang='lat' dir='ltr'><strong>corporis</strong></span> <span class='ocrx_word' id='word_1_103' title='bbox 1203 2225 1338 2317; x_wconf 90' lang='lat' dir='ltr'><strong>forma,</strong></span> <span class='ocrx_word' id='word_1_104' title='bbox 1358 2225 1416 2298; x_wconf 89' lang='lat' dir='ltr'><strong>ita</strong></span> <span class='ocrx_word' id='word_1_105' title='bbox 1435 2211 1584 2300; x_wconf 85' lang='lat' dir='ltr'><strong>diffusio</strong></span> <span class='ocrx_word' id='word_1_106' title='bbox 1613 2226 1727 2301; x_wconf 88' lang='lat' dir='ltr'><strong>maris</strong></span> <span class='ocrx_word' id='word_1_107' title='bbox 1754 2227 1867 2322; x_wconf 86' lang='lat' dir='ltr'><strong>longe</strong></span> <span class='ocrx_word' id='word_1_108' title='bbox 1894 2227 2048 2322; x_wconf 89' lang='lat' dir='ltr'><strong>lateque</strong></span> 
     </span>
     <span class='ocr_line' id='line_1_13' title="bbox 619 2341 2051 2446; baseline -0.001 -22"><span class='ocrx_word' id='word_1_109' title='bbox 619 2349 850 2425; x_wconf 75' lang='lat' dir='ltr'><strong>extenditur.</strong></span> <span class='ocrx_word' id='word_1_110' title='bbox 879 2348 925 2422; x_wconf 94' lang='grc' dir='ltr'><strong>Ιιι</strong></span> <span class='ocrx_word' id='word_1_111' title='bbox 951 2349 1122 2425; x_wconf 88' lang='lat' dir='ltr'><strong>ciusdem</strong></span> <span class='ocrx_word' id='word_1_112' title='bbox 1153 2341 1311 2423; x_wconf 80' lang='lat' dir='ltr'><strong>dextera</strong></span> <span class='ocrx_word' id='word_1_113' title='bbox 1337 2352 1471 2444; x_wconf 90' lang='lat' dir='ltr'><strong>portus</strong></span> <span class='ocrx_word' id='word_1_114' title='bbox 1503 2373 1617 2446; x_wconf 87' lang='lat' dir='ltr'><strong>parva</strong></span> <span class='ocrx_word' id='word_1_115' title='bbox 1652 2350 1778 2425; x_wconf 88' lang='lat' dir='ltr'><strong>insula</strong></span> <span class='ocrx_word' id='word_1_116' title='bbox 1804 2351 1983 2442; x_wconf 87' lang='lat' dir='ltr'><strong>habetur,</strong></span> <span class='ocrx_word' id='word_1_117' title='bbox 2010 2350 2051 2424; x_wconf 91' lang='lat' dir='ltr'><strong>in</strong></span> 
     </span>
     <span class='ocr_line' id='line_1_14' title="bbox 620 2473 2049 2570; baseline 0.002 -24"><span class='ocrx_word' id='word_1_118' title='bbox 620 2497 696 2570; x_wconf 91' lang='lat' dir='ltr'><strong>qua</strong></span> <span class='ocrx_word' id='word_1_119' title='bbox 724 2473 854 2566; x_wconf 84' lang='lat' dir='ltr'><strong>Parus,</strong></span> <span class='ocrx_word' id='word_1_120' title='bbox 881 2475 919 2548; x_wconf 92' lang='lat' dir='ltr'><strong>id</strong></span> <span class='ocrx_word' id='word_1_121' title='bbox 946 2478 1005 2549; x_wconf 88' lang='lat' dir='ltr'><strong>eet</strong></span> <span class='ocrx_word' id='word_1_122' title='bbox 1032 2475 1150 2548; x_wconf 90' lang='lat' dir='ltr'><strong>turris</strong></span> <span class='ocrx_word' id='word_1_123' title='bbox 1178 2473 1343 2547; x_wconf 87' lang='lat' dir='ltr'><strong>maxima</strong></span> <span class='ocrx_word' id='word_1_124' title='bbox 1370 2477 1440 2563; x_wconf 87' lang='lat' dir='ltr'><strong>est,</strong></span> <span class='ocrx_word' id='word_1_125' title='bbox 1464 2478 1651 2548; x_wconf 88' lang='lat' dir='ltr'><strong>nocturno</strong></span> <span class='ocrx_word' id='word_1_126' title='bbox 1679 2479 1851 2570; x_wconf 84' lang='lat' dir='ltr'><strong>tompore</strong></span> <span class='ocrx_word' id='word_1_127' title='bbox 1878 2474 2049 2549; x_wconf 88' lang='lat' dir='ltr'><strong>flamma·</strong></span> 
     </span>
     <span class='ocr_line' id='line_1_15' title="bbox 618 2599 2050 2696; baseline 0 -22"><span class='ocrx_word' id='word_1_128' title='bbox 618 2623 705 2674; x_wconf 89' lang='lat' dir='ltr'><strong>rum</strong></span> <span class='ocrx_word' id='word_1_129' title='bbox 732 2599 905 2676; x_wconf 86' lang='lat' dir='ltr'><strong>faucibus</strong></span> <span class='ocrx_word' id='word_1_130' title='bbox 933 2599 1082 2690; x_wconf 89' lang='lat' dir='ltr'><strong>ardens,</strong></span> <span class='ocrx_word' id='word_1_131' title='bbox 1110 2621 1158 2674; x_wconf 89' lang='lat' dir='ltr'><strong>ne</strong></span> <span class='ocrx_word' id='word_1_132' title='bbox 1185 2599 1334 2695; x_wconf 87' lang='lat' dir='ltr'><strong>decepti</strong></span> <span class='ocrx_word' id='word_1_133' title='bbox 1360 2600 1527 2674; x_wconf 88' lang='lat' dir='ltr'><strong>tenebris</strong></span> <span class='ocrx_word' id='word_1_134' title='bbox 1554 2603 1697 2675; x_wconf 86' lang='lat' dir='ltr'><strong>nautae</strong></span> <span class='ocrx_word' id='word_1_135' title='bbox 1724 2600 1765 2673; x_wconf 90' lang='lat' dir='ltr'><strong>in</strong></span> <span class='ocrx_word' id='word_1_136' title='bbox 1791 2600 1965 2696; x_wconf 86' lang='lat' dir='ltr'><strong>scopulos</strong></span> <span class='ocrx_word' id='word_1_137' title='bbox 1994 2601 2050 2674; x_wconf 96' lang='lat' dir='ltr'><strong>in·</strong></span> 
     </span>
     <span class='ocr_line' id='line_1_16' title="bbox 618 2723 2049 2824; baseline -0.001 -24"><span class='ocrx_word' id='word_1_138' title='bbox 618 2724 758 2816; x_wconf 89' lang='lat' dir='ltr'><strong>eidant,</strong></span> <span class='ocrx_word' id='word_1_139' title='bbox 786 2729 827 2799; x_wconf 90' lang='lat' dir='ltr'><strong>et</strong></span> <span class='ocrx_word' id='word_1_140' title='bbox 845 2723 1027 2824; x_wconf 87' lang='lat' dir='ltr'><strong>vestibuli</strong></span> <span class='ocrx_word' id='word_1_141' title='bbox 1043 2724 1206 2797; x_wconf 91' lang='lat' dir='ltr'><strong>limitem</strong></span> <span class='ocrx_word' id='word_1_142' title='bbox 1231 2723 1546 2818; x_wconf 86' lang='lat' dir='ltr'><strong>comprehendere</strong></span> <span class='ocrx_word' id='word_1_143' title='bbox 1573 2727 1779 2818; x_wconf 87' lang='lat' dir='ltr'><strong>nequeant,</strong></span> <span class='ocrx_word' id='word_1_144' title='bbox 1808 2723 1874 2819; x_wconf 92' lang='lat' dir='ltr'><strong>qui</strong></span> <span class='ocrx_word' id='word_1_145' title='bbox 1902 2727 1943 2798; x_wconf 92' lang='lat' dir='ltr'><strong>et</strong></span> <span class='ocrx_word' id='word_1_146' title='bbox 1970 2723 2049 2818; x_wconf 89' lang='lat' dir='ltr'><strong>ipse</strong></span> 
     </span>
     <span class='ocr_line' id='line_1_17' title="bbox 619 2845 2048 2945; baseline -0.001 -23"><span class='ocrx_word' id='word_1_147' title='bbox 619 2869 658 2922; x_wconf 88' lang='lat' dir='ltr'><strong>se</strong></span> <span class='ocrx_word' id='word_1_148' title='bbox 686 2869 833 2943; x_wconf 83' lang='lat' dir='ltr'><strong>semper</strong></span> <span class='ocrx_word' id='word_1_149' title='bbox 860 2847 1053 2945; x_wconf 89' lang='lat' dir='ltr'><strong>inquietus</strong></span> <span class='ocrx_word' id='word_1_150' title='bbox 1080 2851 1139 2922; x_wconf 87' lang='lat' dir='ltr'><strong>ost</strong></span> <span class='ocrx_word' id='word_1_151' title='bbox 1165 2846 1343 2920; x_wconf 90' lang='lat' dir='ltr'><strong>fluctibus</strong></span> <span class='ocrx_word' id='word_1_152' title='bbox 1362 2845 1449 2920; x_wconf 93' lang='lat' dir='ltr'><strong>hinc</strong></span> <span class='ocrx_word' id='word_1_153' title='bbox 1472 2845 1559 2922; x_wconf 91' lang='lat' dir='ltr'><strong>inde</strong></span> <span class='ocrx_word' id='word_1_154' title='bbox 1586 2847 1876 2923; x_wconf 85' lang='lat' dir='ltr'><strong>conlidentibus.</strong></span> <span class='ocrx_word' id='word_1_155' title='bbox 1907 2847 2048 2922; x_wconf 88' lang='lat' dir='ltr'><strong>Portus</strong></span> 
     </span>
     <span class='ocr_line' id='line_1_18' title="bbox 618 2969 2049 3069; baseline -0.003 -21"><span class='ocrx_word' id='word_1_156' title='bbox 618 2993 709 3048; x_wconf 81' lang='lat' dir='ltr'><strong>vero</strong></span> <span class='ocrx_word' id='word_1_157' title='bbox 737 2971 905 3067; x_wconf 86' lang='lat' dir='ltr'><strong>placidus</strong></span> <span class='ocrx_word' id='word_1_158' title='bbox 932 2993 1091 3068; x_wconf 87' lang='lat' dir='ltr'><strong>semper,</strong></span> <span class='ocrx_word' id='word_1_159' title='bbox 1120 2969 1411 3065; x_wconf 85' lang='lat' dir='ltr'><strong>amplitudinem</strong></span> <span class='ocrx_word' id='word_1_160' title='bbox 1433 2971 1595 3066; x_wconf 87' lang='lat' dir='ltr'><strong>triginta</strong></span> <span class='ocrx_word' id='word_1_161' title='bbox 1622 2971 1846 3046; x_wconf 85' lang='lat' dir='ltr'><strong>stadiorum.</strong></span> <span class='ocrx_word' id='word_1_162' title='bbox 1875 2970 1910 3044; x_wconf 84' lang='lat' dir='ltr'>A</span> <span class='ocrx_word' id='word_1_163' title='bbox 1938 2973 2049 3069; x_wconf 86' lang='lat' dir='ltr'><strong>parte</strong></span> 
     </span>
     <span class='ocr_line' id='line_1_19' title="bbox 618 3094 2050 3192; baseline 0 -24"><span class='ocrx_word' id='word_1_164' title='bbox 618 3095 760 3192; x_wconf 85' lang='lat' dir='ltr'><strong>Egypti</strong></span> <span class='ocrx_word' id='word_1_165' title='bbox 796 3097 930 3171; x_wconf 91' lang='lat' dir='ltr'><strong>urbem</strong></span> <span class='ocrx_word' id='word_1_166' title='bbox 964 3095 1198 3170; x_wconf 83' lang='lat' dir='ltr'><strong>intrantibus</strong></span> <span class='ocrx_word' id='word_1_167' title='bbox 1236 3094 1285 3168; x_wconf 90' lang='lat' dir='ltr'><strong>ad</strong></span> <span class='ocrx_word' id='word_1_168' title='bbox 1322 3094 1519 3169; x_wconf 82' lang='lat' dir='ltr'><strong>dexteram</strong></span> <span class='ocrx_word' id='word_1_169' title='bbox 1556 3096 1722 3170; x_wconf 90' lang='lat' dir='ltr'><strong>occurrit</strong></span> <span class='ocrx_word' id='word_1_170' title='bbox 1754 3095 1910 3171; x_wconf 87' lang='lat' dir='ltr'><strong>ecclesia</strong></span> <span class='ocrx_word' id='word_1_171' title='bbox 1943 3095 2050 3170; x_wconf 87' lang='lat' dir='ltr'><strong>beati</strong></span> 
     </span>
     <span class='ocr_line' id='line_1_20' title="bbox 619 3218 2051 3317; baseline 0.003 -25"><span class='ocrx_word' id='word_1_172' title='bbox 619 3218 737 3295; x_wconf 87' lang='lat' dir='ltr'><strong>Marci</strong></span> <span class='ocrx_word' id='word_1_173' title='bbox 764 3221 1021 3317; x_wconf 86' lang='lat' dir='ltr'><strong>evangelistae</strong></span> <span class='ocrx_word' id='word_1_174' title='bbox 1039 3221 1191 3296; x_wconf 91' lang='lat' dir='ltr'><strong>nomine</strong></span> <span class='ocrx_word' id='word_1_175' title='bbox 1209 3223 1440 3310; x_wconf 86' lang='lat' dir='ltr'><strong>consecrata,</strong></span> <span class='ocrx_word' id='word_1_176' title='bbox 1459 3220 1500 3294; x_wconf 91' lang='lat' dir='ltr'><strong>in</strong></span> <span class='ocrx_word' id='word_1_177' title='bbox 1518 3244 1595 3315; x_wconf 91' lang='lat' dir='ltr'><strong>qua</strong></span> <span class='ocrx_word' id='word_1_178' title='bbox 1614 3220 1693 3316; x_wconf 88' lang='lat' dir='ltr'><strong>ipse</strong></span> <span class='ocrx_word' id='word_1_179' title='bbox 1719 3221 1962 3295; x_wconf 87' lang='lat' dir='ltr'><strong>beatissimus</strong></span> <span class='ocrx_word' id='word_1_180' title='bbox 1990 3243 2051 3296; x_wconf 91' lang='lat' dir='ltr'><strong>re·</strong></span> 
     </span>
     <span class='ocr_line' id='line_1_21' title="bbox 620 3345 2050 3443; baseline 0.002 -24"><span class='ocrx_word' id='word_1_181' title='bbox 620 3347 779 3443; x_wconf 82' lang='lat' dir='ltr'><strong>quievit.</strong></span> <span class='ocrx_word' id='word_1_182' title='bbox 808 3347 915 3421; x_wconf 80' lang='lat' dir='ltr'><strong>Circa</strong></span> <span class='ocrx_word' id='word_1_183' title='bbox 943 3345 1073 3421; x_wconf 87' lang='lat' dir='ltr'><strong>Nilum</strong></span> <span class='ocrx_word' id='word_1_184' title='bbox 1101 3369 1256 3443; x_wconf 88' lang='lat' dir='ltr'><strong>aggeres</strong></span> <span class='ocrx_word' id='word_1_185' title='bbox 1283 3347 1434 3422; x_wconf 84' lang='lat' dir='ltr'><strong>crebros</strong></span> <span class='ocrx_word' id='word_1_186' title='bbox 1461 3350 1617 3442; x_wconf 90' lang='lat' dir='ltr'><strong>propter</strong></span> <span class='ocrx_word' id='word_1_187' title='bbox 1643 3347 1903 3442; x_wconf 90' lang='lat' dir='ltr'><strong>inruptionem</strong></span> <span class='ocrx_word' id='word_1_188' title='bbox 1930 3371 2050 3443; x_wconf 87' lang='lat' dir='ltr'><strong>aqua-</strong></span> 
     </span>
     <span class='ocr_line' id='line_1_22' title="bbox 618 3470 2050 3567; baseline 0.001 -22"><span class='ocrx_word' id='word_1_189' title='bbox 618 3495 705 3545; x_wconf 92' lang='lat' dir='ltr'><strong>rum</strong></span> <span class='ocrx_word' id='word_1_190' title='bbox 732 3471 856 3546; x_wconf 85' lang='lat' dir='ltr'><strong>facere</strong></span> <span class='ocrx_word' id='word_1_191' title='bbox 883 3470 1020 3562; x_wconf 87' lang='lat' dir='ltr'><strong>solent,</strong></span> <span class='ocrx_word' id='word_1_192' title='bbox 1049 3470 1116 3567; x_wconf 91' lang='lat' dir='ltr'><strong>qui</strong></span> <span class='ocrx_word' id='word_1_193' title='bbox 1143 3473 1176 3546; x_wconf 86' lang='lat' dir='ltr'><strong>si</strong></span> <span class='ocrx_word' id='word_1_194' title='bbox 1207 3471 1308 3546; x_wconf 86' lang='lat' dir='ltr'><strong>forte</strong></span> <span class='ocrx_word' id='word_1_195' title='bbox 1335 3471 1550 3546; x_wconf 89' lang='lat' dir='ltr'><strong>custodium</strong></span> <span class='ocrx_word' id='word_1_196' title='bbox 1579 3470 1726 3546; x_wconf 87' lang='lat' dir='ltr'><strong>incuria</strong></span> <span class='ocrx_word' id='word_1_197' title='bbox 1751 3471 1856 3567; x_wconf 87' lang='lat' dir='ltr'><strong>rupti</strong></span> <span class='ocrx_word' id='word_1_198' title='bbox 1892 3472 2050 3564; x_wconf 84' lang='lat' dir='ltr'><strong>fuerint,</strong></span> 
     </span>
     <span class='ocr_line' id='line_1_23' title="bbox 618 3594 2049 3692; baseline 0 -24"><span class='ocrx_word' id='word_1_199' title='bbox 618 3616 696 3670; x_wconf 87' lang='lat' dir='ltr'><strong>non</strong></span> <span class='ocrx_word' id='word_1_200' title='bbox 714 3594 887 3690; x_wconf 86' lang='lat' dir='ltr'><strong>irrigant,</strong></span> <span class='ocrx_word' id='word_1_201' title='bbox 903 3594 968 3670; x_wconf 86' lang='lat' dir='ltr'><strong>sed</strong></span> <span class='ocrx_word' id='word_1_202' title='bbox 988 3595 1208 3691; x_wconf 87' lang='lat' dir='ltr'><strong>opprimunt</strong></span> <span class='ocrx_word' id='word_1_203' title='bbox 1224 3598 1346 3669; x_wconf 83' lang='lat' dir='ltr'><strong>terras</strong></span> <span class='ocrx_word' id='word_1_204' title='bbox 1365 3595 1562 3669; x_wconf 86' lang='lat' dir='ltr'><strong>subiacent</strong></span> <span class='ocrx_word' id='word_1_205' title='bbox 1545 3599 1614 3685; x_wconf 89' lang='lat' dir='ltr'><strong>tes,</strong></span> <span class='ocrx_word' id='word_1_206' title='bbox 1629 3598 1669 3670; x_wconf 88' lang='lat' dir='ltr'><strong>et</strong></span> <span class='ocrx_word' id='word_1_207' title='bbox 1687 3619 1752 3691; x_wconf 87' lang='lat' dir='ltr'><strong>qur</strong></span> <span class='ocrx_word' id='word_1_208' title='bbox 1740 3594 1886 3691; x_wconf 85' lang='lat' dir='ltr'><strong>plana</strong></span> <span class='ocrx_word' id='word_1_209' title='bbox 1905 3595 2049 3692; x_wconf 82' lang='lat' dir='ltr'><strong>Egyptl</strong></span> 
     </span>
     <span class='ocr_line' id='line_1_24' title="bbox 618 3718 2048 3816; baseline 0 -22"><span class='ocrx_word' id='word_1_210' title='bbox 618 3720 802 3811; x_wconf 91' lang='lat' dir='ltr'><strong>incolunt,</strong></span> <span class='ocrx_word' id='word_1_211' title='bbox 831 3740 943 3816; x_wconf 91' lang='lat' dir='ltr'><strong>super</strong></span> <span class='ocrx_word' id='word_1_212' title='bbox 961 3719 1063 3794; x_wconf 86' lang='lat' dir='ltr'><strong>rivos</strong></span> <span class='ocrx_word' id='word_1_213' title='bbox 1082 3743 1268 3814; x_wconf 89' lang='lat' dir='ltr'><strong>aquarum</strong></span> <span class='ocrx_word' id='word_1_214' title='bbox 1286 3719 1359 3794; x_wconf 87' lang='lat' dir='ltr'><strong>eibi</strong></span> <span class='ocrx_word' id='word_1_215' title='bbox 1378 3718 1508 3794; x_wconf 88' lang='lat' dir='ltr'><strong>domos</strong></span> <span class='ocrx_word' id='word_1_216' title='bbox 1527 3720 1685 3814; x_wconf 86' lang='lat' dir='ltr'><strong>faciunt,</strong></span> <span class='ocrx_word' id='word_1_217' title='bbox 1713 3721 1942 3797; x_wconf 81' lang='lat' dir='ltr'><strong>transversis</strong></span> <span class='ocrx_word' id='word_1_218' title='bbox 1969 3724 2048 3795; x_wconf 86' lang='lat' dir='ltr'><strong>tra·</strong></span> 
     </span>
     <span class='ocr_line' id='line_1_25' title="bbox 618 3844 903 3941; baseline -0.007 -22"><span class='ocrx_word' id='word_1_219' title='bbox 618 3844 730 3919; x_wconf 90' lang='lat' dir='ltr'><strong>bibus</strong></span> <span class='ocrx_word' id='word_1_220' title='bbox 756 3847 903 3941; x_wconf 87' lang='lat' dir='ltr'><strong>pontes.</strong></span> 
     </span>
    </p>
   </div>
   <div class='ocr_carea' id='block_1_3' title="bbox 615 4195 2051 4672">
    <p class='ocr_par' dir='ltr' id='par_1_5' title="bbox 615 4195 2051 4672">
     <span class='ocr_line' id='line_1_26' title="bbox 699 4195 2051 4277; baseline 0 -18"><span class='ocrx_word' id='word_1_221' title='bbox 699 4195 708 4233; x_wconf 89' lang='lat'>¹</span> <span class='ocrx_word' id='word_1_222' title='bbox 729 4197 878 4277; x_wconf 85' lang='lat' dir='ltr'><strong>Intellige</strong></span> <span class='ocrx_word' id='word_1_223' title='bbox 897 4196 1075 4260; x_wconf 87' lang='lat' dir='ltr'><strong>milliarium</strong></span> <span class='ocrx_word' id='word_1_224' title='bbox 1095 4196 1223 4258; x_wconf 87' lang='lat' dir='ltr'><strong>tertium</strong></span> <span class='ocrx_word' id='word_1_225' title='bbox 1243 4199 1281 4258; x_wconf 87' lang='lat' dir='ltr'><strong>ab</strong></span> <span class='ocrx_word' id='word_1_226' title='bbox 1296 4195 1539 4276; x_wconf 80' lang='lat' dir='ltr'><strong>Eleutheropoli,</strong></span> <span class='ocrx_word' id='word_1_227' title='bbox 1553 4216 1622 4258; x_wconf 86' lang='lat' dir='ltr'><strong>nam</strong></span> <span class='ocrx_word' id='word_1_228' title='bbox 1636 4195 1768 4260; x_wconf 85' lang='lat' dir='ltr'><strong>Morasti</strong></span> <span class='ocrx_word' id='word_1_229' title='bbox 1780 4197 1868 4259; x_wconf 84' lang='lat' dir='ltr'><strong>iuxta</strong></span> <span class='ocrx_word' id='word_1_230' title='bbox 1880 4196 2051 4260; x_wconf 80' lang='lat' dir='ltr'><strong>Eusebium</strong></span> 
     </span>
     <span class='ocr_line' id='line_1_27' title="bbox 618 4293 2051 4378; baseline 0 -22"><span class='ocrx_word' id='word_1_231' title='bbox 618 4294 671 4378; x_wconf 88' lang='lat' dir='ltr'><strong>(ad</strong></span> <span class='ocrx_word' id='word_1_232' title='bbox 690 4295 744 4376; x_wconf 68' lang='lat' dir='ltr'><strong>a),</strong></span> <span class='ocrx_word' id='word_1_233' title='bbox 764 4295 847 4356; x_wconf 88' lang='lat' dir='ltr'><strong>unde</strong></span> <span class='ocrx_word' id='word_1_234' title='bbox 867 4293 928 4356; x_wconf 84' lang='lat' dir='ltr'><strong>fuit</strong></span> <span class='ocrx_word' id='word_1_235' title='bbox 946 4294 1094 4371; x_wconf 84' lang='lat' dir='ltr'><strong>Micheas,</strong></span> <span class='ocrx_word' id='word_1_236' title='bbox 1106 4299 1173 4355; x_wconf 90' lang='lat' dir='ltr'><strong>erat</strong></span> <span class='ocrx_word' id='word_1_237' title='bbox 1192 4293 1280 4355; x_wconf 84' lang='lat' dir='ltr'><strong>vicus</strong></span> <span class='ocrx_word' id='word_1_238' title='bbox 1301 4301 1408 4355; x_wconf 92' lang='lat' dir='ltr'><strong>contra</strong></span> <span class='ocrx_word' id='word_1_239' title='bbox 1428 4294 1576 4356; x_wconf 88' lang='lat' dir='ltr'><strong>orientem</strong></span> <span class='ocrx_word' id='word_1_240' title='bbox 1590 4293 1859 4373; x_wconf 77' lang='lat' dir='ltr'><strong>Eleutheropolis:</strong></span> <span class='ocrx_word' id='word_1_241' title='bbox 1880 4294 1965 4356; x_wconf 90' lang='lat' dir='ltr'><strong>idem</strong></span> <span class='ocrx_word' id='word_1_242' title='bbox 1979 4295 2051 4356; x_wconf 88' lang='lat' dir='ltr'><strong>Hie·</strong></span> 
     </span>
     <span class='ocr_line' id='line_1_28' title="bbox 616 4392 2051 4475; baseline -0.001 -19"><span class='ocrx_word' id='word_1_243' title='bbox 616 4415 761 4475; x_wconf 88' lang='lat' dir='ltr'><strong>ronymus</strong></span> <span class='ocrx_word' id='word_1_244' title='bbox 782 4393 891 4457; x_wconf 87' lang='lat' dir='ltr'><strong>scribit</strong></span> <span class='ocrx_word' id='word_1_245' title='bbox 908 4393 942 4454; x_wconf 92' lang='lat' dir='ltr'><strong>in</strong></span> <span class='ocrx_word' id='word_1_246' title='bbox 961 4393 1088 4472; x_wconf 84' lang='lat' dir='ltr'><strong>prologo</strong></span> <span class='ocrx_word' id='word_1_247' title='bbox 1109 4392 1250 4455; x_wconf 84' lang='lat' dir='ltr'><strong>Micheas</strong></span> <span class='ocrx_word' id='word_1_248' title='bbox 1271 4399 1304 4454; x_wconf 89' lang='lat' dir='ltr'><strong>et</strong></span> <span class='ocrx_word' id='word_1_249' title='bbox 1333 4393 1367 4454; x_wconf 93' lang='lat' dir='ltr'><strong>in</strong></span> <span class='ocrx_word' id='word_1_250' title='bbox 1386 4392 1642 4472; x_wconf 85' lang='lat' dir='ltr'><strong>Peregrinatione</strong></span> <span class='ocrx_word' id='word_1_251' title='bbox 1672 4414 1697 4456; x_wconf 88' lang='lat' dir='ltr'><strong>s.</strong></span> <span class='ocrx_word' id='word_1_252' title='bbox 1718 4393 1856 4455; x_wconf 84' lang='lat' dir='ltr'><strong>Paulae:</strong></span> <span class='ocrx_word' id='word_1_253' title='bbox 1890 4393 2051 4456; x_wconf 80' lang='lat' dir='ltr'><strong>«Videam</strong></span> 
     </span>
     <span class='ocr_line' id='line_1_29' title="bbox 615 4488 2051 4572; baseline -0.001 -16"><span class='ocrx_word' id='word_1_254' title='bbox 615 4493 798 4572; x_wconf 83' lang='lat' dir='ltr'><strong>Morasthin,</strong></span> <span class='ocrx_word' id='word_1_255' title='bbox 810 4492 983 4571; x_wconf 88' lang='lat' dir='ltr'><strong>sepulcrum</strong></span> <span class='ocrx_word' id='word_1_256' title='bbox 1004 4488 1157 4570; x_wconf 87' lang='lat' dir='ltr'><strong>quondam</strong></span> <span class='ocrx_word' id='word_1_257' title='bbox 1178 4490 1320 4552; x_wconf 85' lang='lat' dir='ltr'><strong>Micheas</strong></span> <span class='ocrx_word' id='word_1_258' title='bbox 1340 4491 1508 4571; x_wconf 88' lang='lat' dir='ltr'><strong>prophetae</strong></span> <span class='ocrx_word' id='word_1_259' title='bbox 1528 4497 1561 4552; x_wconf 90' lang='lat' dir='ltr'><strong>ot</strong></span> <span class='ocrx_word' id='word_1_260' title='bbox 1573 4510 1653 4552; x_wconf 91' lang='lat' dir='ltr'><strong>nunc</strong></span> <span class='ocrx_word' id='word_1_261' title='bbox 1673 4490 1833 4554; x_wconf 86' lang='lat' dir='ltr'><strong>ecclesiam</strong></span> <span class='ocrx_word' id='word_1_262' title='bbox 1846 4490 1934 4553; x_wconf 84' lang='lat' dir='ltr'><strong>».De</strong></span> <span class='ocrx_word' id='word_1_263' title='bbox 1958 4491 2051 4554; x_wconf 90' lang='lat' dir='ltr'><strong>huius</strong></span> 
     </span>
     <span class='ocr_line' id='line_1_30' title="bbox 616 4587 2050 4672; baseline -0.001 -18"><span class='ocrx_word' id='word_1_264' title='bbox 616 4591 748 4672; x_wconf 85' lang='lat' dir='ltr'><strong>sepulcri</strong></span> <span class='ocrx_word' id='word_1_265' title='bbox 768 4589 946 4652; x_wconf 87' lang='lat' dir='ltr'><strong>inventione</strong></span> <span class='ocrx_word' id='word_1_266' title='bbox 966 4588 1135 4652; x_wconf 88' lang='lat' dir='ltr'><strong>Theodosii.</strong></span> <span class='ocrx_word' id='word_1_267' title='bbox 1155 4595 1293 4667; x_wconf 85' lang='lat' dir='ltr'><strong>temporo</strong></span> <span class='ocrx_word' id='word_1_268' title='bbox 1312 4588 1390 4650; x_wconf 87' lang='lat' dir='ltr'><strong>haec</strong></span> <span class='ocrx_word' id='word_1_269' title='bbox 1410 4589 1595 4650; x_wconf 84' lang='lat' dir='ltr'><strong>Sozomenus</strong></span> <span class='ocrx_word' id='word_1_270' title='bbox 1610 4587 1707 4669; x_wconf 92' lang='lat' dir='ltr'><strong>(Hist.</strong></span> <span class='ocrx_word' id='word_1_271' title='bbox 1721 4590 1792 4651; x_wconf 82' lang='lat' dir='ltr'><strong>Eoo.</strong></span> <span class='ocrx_word' id='word_1_272' title='bbox 1806 4590 1827 4650; x_wconf 90' lang='lat' dir='ltr'><strong>l.</strong></span> <span class='ocrx_word' id='word_1_273' title='bbox 1842 4589 1921 4668; x_wconf 82' lang='lat' dir='ltr'><strong>VII,</strong></span> <span class='ocrx_word' id='word_1_274' title='bbox 1936 4609 1962 4651; x_wconf 92' lang='lat' dir='ltr'><strong>o.</strong></span> <span class='ocrx_word' id='word_1_275' title='bbox 1978 4592 2030 4672; x_wconf 83' lang='lat'><strong>29)</strong></span> <span class='ocrx_word' id='word_1_276' title='bbox 2043 4610 2050 4652; x_wconf 91' lang='lat'><strong>:</strong></span> 
     </span>
    </p>
   </div>
   <div class='ocr_carea' id='block_1_4' title="bbox 618 4686 2184 4773">
    <p class='ocr_par' dir='ltr' id='par_1_6' title="bbox 618 4686 2184 4773">
     <span class='ocr_line' id='line_1_31' title="bbox 618 4686 2184 4773; baseline 0.002 -25"><span class='ocrx_word' id='word_1_277' title='bbox 618 4713 635 4748; x_wconf 88' lang='lat'><strong>‹</strong></span> <span class='ocrx_word' id='word_1_278' title='bbox 655 4687 822 4751; x_wconf 86' lang='lat' dir='ltr'><strong>Berethsat</strong></span> <span class='ocrx_word' id='word_1_279' title='bbox 823 4688 854 4749; x_wconf 90' lang='lat' dir='ltr'><strong>ia</strong></span> <span class='ocrx_word' id='word_1_280' title='bbox 873 4704 947 4748; x_wconf 86' lang='lat' dir='ltr'><strong>vero</strong></span> <span class='ocrx_word' id='word_1_281' title='bbox 968 4687 1055 4748; x_wconf 90' lang='lat' dir='ltr'><strong>locus</strong></span> <span class='ocrx_word' id='word_1_282' title='bbox 1076 4693 1125 4748; x_wconf 88' lang='lat' dir='ltr'><strong>est</strong></span> <span class='ocrx_word' id='word_1_283' title='bbox 1146 4687 1252 4748; x_wconf 89' lang='lat' dir='ltr'><strong>decom</strong></span> <span class='ocrx_word' id='word_1_284' title='bbox 1272 4686 1395 4748; x_wconf 90' lang='lat' dir='ltr'><strong>circiter</strong></span> <span class='ocrx_word' id='word_1_285' title='bbox 1415 4688 1527 4748; x_wconf 88' lang='lat' dir='ltr'><strong>stadiis</strong></span> <span class='ocrx_word' id='word_1_286' title='bbox 1547 4688 1668 4750; x_wconf 88' lang='lat' dir='ltr'><strong>distans</strong></span> <span class='ocrx_word' id='word_1_287' title='bbox 1694 4689 1733 4749; x_wconf 90' lang='lat' dir='ltr'><strong>ab</strong></span> <span class='ocrx_word' id='word_1_288' title='bbox 1758 4688 1835 4751; x_wconf 91' lang='lat' dir='ltr'><strong>urhe</strong></span> <span class='ocrx_word' id='word_1_289' title='bbox 1857 4689 2052 4770; x_wconf 80' lang='lat' dir='ltr'><strong>(Eleuthero-</strong></span> <span class='ocrx_word' id='word_1_290' title='bbox 2182 4764 2184 4773; x_wconf 22' lang='lat' dir='ltr'>y</span> 
     </span>
    </p>
   </div>
   <div class='ocr_carea' id='block_1_5' title="bbox 615 4785 2051 5548">
    <p class='ocr_par' dir='ltr' id='par_1_7' title="bbox 615 4785 2050 4963">
     <span class='ocr_line' id='line_1_32' title="bbox 615 4785 2050 4867; baseline 0.001 -20"><span class='ocrx_word' id='word_1_291' title='bbox 615 4787 713 4867; x_wconf 91' lang='lat' dir='ltr'><strong>poli):</strong></span> <span class='ocrx_word' id='word_1_292' title='bbox 734 4786 821 4848; x_wconf 85' lang='lat' dir='ltr'><strong>iuxta</strong></span> <span class='ocrx_word' id='word_1_293' title='bbox 840 4803 930 4864; x_wconf 91' lang='lat' dir='ltr'><strong>quem</strong></span> <span class='ocrx_word' id='word_1_294' title='bbox 951 4793 1018 4846; x_wconf 86' lang='lat' dir='ltr'><strong>erat</strong></span> <span class='ocrx_word' id='word_1_295' title='bbox 1037 4785 1210 4864; x_wconf 86' lang='lat' dir='ltr'><strong>sepulcrum</strong></span> <span class='ocrx_word' id='word_1_296' title='bbox 1229 4785 1378 4863; x_wconf 83' lang='lat' dir='ltr'><strong>Micheas,</strong></span> <span class='ocrx_word' id='word_1_297' title='bbox 1399 4785 1625 4862; x_wconf 84' lang='lat' dir='ltr'><strong>quodquidam</strong></span> <span class='ocrx_word' id='word_1_298' title='bbox 1644 4785 1762 4848; x_wconf 91' lang='lat' dir='ltr'><strong>incolae</strong></span> <span class='ocrx_word' id='word_1_299' title='bbox 1779 4785 1961 4864; x_wconf 78' lang='lat' dir='ltr'><strong>ignorantes</strong></span> <span class='ocrx_word' id='word_1_300' title='bbox 1975 4787 2050 4866; x_wconf 87' lang='lat' dir='ltr'><strong>quid</strong></span> 
     </span>
     <span class='ocr_line' id='line_1_33' title="bbox 616 4881 1428 4963; baseline -0.001 -19"><span class='ocrx_word' id='word_1_301' title='bbox 616 4883 764 4963; x_wconf 87' lang='lat' dir='ltr'><strong>dicerent,</strong></span> <span class='ocrx_word' id='word_1_302' title='bbox 785 4890 1014 4945; x_wconf 86' lang='lat' dir='ltr'><strong>monumentum</strong></span> <span class='ocrx_word' id='word_1_303' title='bbox 1033 4881 1171 4944; x_wconf 90' lang='lat' dir='ltr'><strong>fidelium</strong></span> <span class='ocrx_word' id='word_1_304' title='bbox 1192 4883 1428 4963; x_wconf 81' lang='lat' dir='ltr'><strong>appellabant».</strong></span> 
     </span>
    </p>

    <p class='ocr_par' dir='ltr' id='par_1_8' title="bbox 615 4981 2051 5548">
     <span class='ocr_line' id='line_1_34' title="bbox 697 4981 2051 5063; baseline 0.004 -21"><span class='ocrx_word' id='word_1_305' title='bbox 697 4981 709 5018; x_wconf 77' lang='lat'>²</span> <span class='ocrx_word' id='word_1_306' title='bbox 728 4981 899 5059; x_wconf 80' lang='lat' dir='ltr'><strong>Peregrina</strong></span> <span class='ocrx_word' id='word_1_307' title='bbox 913 4981 1103 5058; x_wconf 86' lang='lat' dir='ltr'><strong>aliquantum</strong></span> <span class='ocrx_word' id='word_1_308' title='bbox 1115 4989 1233 5044; x_wconf 87' lang='lat' dir='ltr'><strong>morata</strong></span> <span class='ocrx_word' id='word_1_309' title='bbox 1246 4981 1473 5062; x_wconf 84' lang='lat' dir='ltr'><strong>Hierosolymis</strong></span> <span class='ocrx_word' id='word_1_310' title='bbox 1487 4981 1591 5062; x_wconf 88' lang='lat' dir='ltr'><strong>pergit</strong></span> <span class='ocrx_word' id='word_1_311' title='bbox 1605 4982 1792 5063; x_wconf 82' lang='lat' dir='ltr'><strong>Aegyptum,</strong></span> <span class='ocrx_word' id='word_1_312' title='bbox 1811 4989 1903 5062; x_wconf 88' lang='lat' dir='ltr'><strong>atque</strong></span> <span class='ocrx_word' id='word_1_313' title='bbox 1923 5003 1980 5063; x_wconf 88' lang='lat' dir='ltr'><strong>per</strong></span> <span class='ocrx_word' id='word_1_314' title='bbox 1994 4985 2051 5047; x_wconf 90' lang='lat' dir='ltr'><strong>Ps-</strong></span> 
     </span>
     <span class='ocr_line' id='line_1_35' title="bbox 616 5076 2050 5157; baseline 0.005 -20"><span class='ocrx_word' id='word_1_315' title='bbox 616 5076 731 5137; x_wconf 84' lang='lat' dir='ltr'><strong>lusiam</strong></span> <span class='ocrx_word' id='word_1_316' title='bbox 749 5076 892 5157; x_wconf 87' lang='lat' dir='ltr'><strong>pervenit</strong></span> <span class='ocrx_word' id='word_1_317' title='bbox 912 5076 1031 5153; x_wconf 90' lang='lat' dir='ltr'><strong>Tanim,</strong></span> <span class='ocrx_word' id='word_1_318' title='bbox 1051 5076 1125 5139; x_wconf 89' lang='lat' dir='ltr'><strong>hinc</strong></span> <span class='ocrx_word' id='word_1_319' title='bbox 1144 5078 1383 5140; x_wconf 85' lang='lat' dir='ltr'><strong>Alexandriam.</strong></span> <span class='ocrx_word' id='word_1_320' title='bbox 1407 5077 1520 5140; x_wconf 90' lang='lat' dir='ltr'><strong>deinde</strong></span> <span class='ocrx_word' id='word_1_321' title='bbox 1547 5078 1654 5140; x_wconf 89' lang='lat' dir='ltr'><strong>itineri</strong></span> <span class='ocrx_word' id='word_1_322' title='bbox 1679 5077 1849 5142; x_wconf 79' lang='lat' dir='ltr'><strong>Thebaidis</strong></span> <span class='ocrx_word' id='word_1_323' title='bbox 1880 5099 1915 5141; x_wconf 89' lang='lat' dir='ltr'><strong>so</strong></span> <span class='ocrx_word' id='word_1_324' title='bbox 1934 5079 2050 5144; x_wconf 85' lang='lat' dir='ltr'><strong>devote</strong></span> 
     </span>
     <span class='ocr_line' id='line_1_36' title="bbox 615 5172 2050 5262; baseline 0.006 -29"><span class='ocrx_word' id='word_1_325' title='bbox 615 5172 799 5252; x_wconf 82' lang='lat' dir='ltr'><strong>fortiterque</strong></span> <span class='ocrx_word' id='word_1_326' title='bbox 809 5174 971 5236; x_wconf 86' lang='lat' dir='ltr'><strong>commisit.</strong></span> <span class='ocrx_word' id='word_1_327' title='bbox 982 5174 1032 5236; x_wconf 89' lang='lat' dir='ltr'><strong>De</strong></span> <span class='ocrx_word' id='word_1_328' title='bbox 1045 5195 1105 5254; x_wconf 90' lang='lat' dir='ltr'><strong>quo</strong></span> <span class='ocrx_word' id='word_1_329' title='bbox 1118 5175 1254 5238; x_wconf 90' lang='lat' dir='ltr'><strong>itinere&#39;</strong></span> <span class='ocrx_word' id='word_1_330' title='bbox 1245 5191 1315 5254; x_wconf 78' lang='lat' dir='ltr'><strong>apsa</strong></span> <span class='ocrx_word' id='word_1_331' title='bbox 1327 5177 1513 5238; x_wconf 88' lang='lat' dir='ltr'><strong>mentionem</strong></span> <span class='ocrx_word' id='word_1_332' title='bbox 1527 5175 1638 5238; x_wconf 85' lang='lat' dir='ltr'><strong>fecit</strong></span> <span class='ocrx_word' id='word_1_333' title='bbox 1629 5197 1661 5238; x_wconf 91' lang='grc' dir='ltr'><strong>ιιι</strong></span> <span class='ocrx_word' id='word_1_334' title='bbox 1685 5176 1893 5258; x_wconf 86' lang='lat' dir='ltr'><strong>descriptione</strong></span> <span class='ocrx_word' id='word_1_335' title='bbox 1915 5179 1959 5260; x_wconf 91' lang='lat' dir='ltr'><strong>(p.</strong></span> <span class='ocrx_word' id='word_1_336' title='bbox 1979 5181 2050 5262; x_wconf 84' lang='lat'>46):</span> 
     </span>
     <span class='ocr_line' id='line_1_37' title="bbox 619 5269 2050 5354; baseline 0.008 -26"><span class='ocrx_word' id='word_1_337' title='bbox 619 5269 716 5343; x_wconf 77' lang='lat' dir='ltr'><strong>«Qua</strong></span> <span class='ocrx_word' id='word_1_338' title='bbox 735 5271 880 5351; x_wconf 83' lang='lat' dir='ltr'><strong>primitus</strong></span> <span class='ocrx_word' id='word_1_339' title='bbox 901 5269 941 5331; x_wconf 89' lang='lat' dir='ltr'><strong>ad</strong></span> <span class='ocrx_word' id='word_1_340' title='bbox 961 5273 1141 5350; x_wconf 83' lang='lat' dir='ltr'><strong>Aegyptum</strong></span> <span class='ocrx_word' id='word_1_341' title='bbox 1160 5270 1318 5333; x_wconf 81' lang='lat' dir='ltr'><strong>fueram.»</strong></span> <span class='ocrx_word' id='word_1_342' title='bbox 1341 5273 1383 5333; x_wconf 83' lang='lat' dir='ltr'><strong>Itt</strong></span> <span class='ocrx_word' id='word_1_343' title='bbox 1403 5273 1478 5334; x_wconf 89' lang='lat' dir='ltr'><strong>alibi</strong></span> <span class='ocrx_word' id='word_1_344' title='bbox 1500 5275 1542 5354; x_wconf 90' lang='lat' dir='ltr'><strong>(p.</strong></span> <span class='ocrx_word' id='word_1_345' title='bbox 1558 5274 1625 5352; x_wconf 79' lang='lat'><strong>50):</strong></span> <span class='ocrx_word' id='word_1_346' title='bbox 1642 5273 1709 5336; x_wconf 87' lang='lat' dir='ltr'><strong>‹de</strong></span> <span class='ocrx_word' id='word_1_347' title='bbox 1723 5293 1759 5335; x_wconf 91' lang='lat' dir='ltr'><strong>eo</strong></span> <span class='ocrx_word' id='word_1_348' title='bbox 1780 5283 1928 5354; x_wconf 89' lang='lat' dir='ltr'><strong>tempore,</strong></span> <span class='ocrx_word' id='word_1_349' title='bbox 1950 5296 1969 5339; x_wconf 89' lang='lat' dir='ltr'><strong>a</strong></span> <span class='ocrx_word' id='word_1_350' title='bbox 1989 5295 2050 5354; x_wconf 89' lang='lat' dir='ltr'><strong>qno</strong></span> 
     </span>
     <span class='ocr_line' id='line_1_38' title="bbox 617 5366 2050 5451; baseline 0.006 -23"><span class='ocrx_word' id='word_1_351' title='bbox 617 5367 658 5428; x_wconf 87' lang='lat' dir='ltr'><strong>ad</strong></span> <span class='ocrx_word' id='word_1_352' title='bbox 677 5368 867 5430; x_wconf 79' lang='lat' dir='ltr'><strong>Thebaidem</strong></span> <span class='ocrx_word' id='word_1_353' title='bbox 887 5366 1045 5429; x_wconf 80' lang='lat' dir='ltr'><strong>fueram».</strong></span> <span class='ocrx_word' id='word_1_354' title='bbox 1067 5369 1109 5429; x_wconf 83' lang='lat' dir='ltr'><strong>Et</strong></span> <span class='ocrx_word' id='word_1_355' title='bbox 1128 5368 1219 5447; x_wconf 88' lang='lat' dir='ltr'><strong>paulo</strong></span> <span class='ocrx_word' id='word_1_356' title='bbox 1239 5373 1330 5447; x_wconf 89' lang='lat' dir='ltr'><strong>post:</strong></span> <span class='ocrx_word' id='word_1_357' title='bbox 1364 5369 1503 5431; x_wconf 82' lang='lat' dir='ltr'><strong>«civitas</strong></span> <span class='ocrx_word' id='word_1_358' title='bbox 1533 5369 1675 5446; x_wconf 89' lang='lat' dir='ltr'><strong>Tathnis,</strong></span> <span class='ocrx_word' id='word_1_359' title='bbox 1703 5391 1780 5448; x_wconf 87' lang='lat' dir='ltr'><strong>quae</strong></span> <span class='ocrx_word' id='word_1_360' title='bbox 1808 5370 1870 5433; x_wconf 85' lang='lat' dir='ltr'><strong>fuit</strong></span> <span class='ocrx_word' id='word_1_361' title='bbox 1895 5373 2050 5451; x_wconf 86' lang='lat' dir='ltr'><strong>quondam</strong></span> 
     </span>
     <span class='ocr_line' id='line_1_39' title="bbox 616 5466 2050 5548; baseline 0.005 -22"><span class='ocrx_word' id='word_1_362' title='bbox 616 5467 796 5547; x_wconf 85' lang='lat' dir='ltr'><strong>metropolis</strong></span> <span class='ocrx_word' id='word_1_363' title='bbox 816 5466 997 5528; x_wconf 87' lang='lat' dir='ltr'><strong>Pharaonis.</strong></span> <span class='ocrx_word' id='word_1_364' title='bbox 1018 5467 1061 5526; x_wconf 83' lang='lat' dir='ltr'><strong>Et</strong></span> <span class='ocrx_word' id='word_1_365' title='bbox 1080 5466 1154 5527; x_wconf 89' lang='lat' dir='ltr'><strong>licet</strong></span> <span class='ocrx_word' id='word_1_366' title='bbox 1184 5485 1221 5526; x_wconf 89' lang='lat' dir='ltr'><strong>ea</strong></span> <span class='ocrx_word' id='word_1_367' title='bbox 1246 5466 1322 5542; x_wconf 86' lang='lat' dir='ltr'><strong>loca,</strong></span> <span class='ocrx_word' id='word_1_368' title='bbox 1352 5473 1388 5528; x_wconf 87' lang='lat' dir='ltr'><strong>ut</strong></span> <span class='ocrx_word' id='word_1_369' title='bbox 1416 5469 1559 5546; x_wconf 88' lang='lat' dir='ltr'><strong>superius</strong></span> <span class='ocrx_word' id='word_1_370' title='bbox 1590 5467 1671 5545; x_wconf 84' lang='lat' dir='ltr'><strong>dixi,</strong></span> <span class='ocrx_word' id='word_1_371' title='bbox 1698 5468 1759 5530; x_wconf 90' lang='lat' dir='ltr'><strong>iam</strong></span> <span class='ocrx_word' id='word_1_372' title='bbox 1785 5489 1924 5548; x_wconf 78' lang='lat' dir='ltr'><strong>nossem,</strong></span> <span class='ocrx_word' id='word_1_373' title='bbox 1945 5470 1979 5532; x_wconf 94' lang='lat' dir='ltr'><strong>id</strong></span> <span class='ocrx_word' id='word_1_374' title='bbox 2000 5479 2050 5533; x_wconf 88' lang='lat' dir='ltr'><strong>ost</strong></span> 
     </span>
    </p>
   </div>
   <div class='ocr_carea' id='block_1_6' title="bbox 490 5561 1491 5639">
    <p class='ocr_par' dir='ltr' id='par_1_9' title="bbox 490 5561 1491 5639">
     <span class='ocr_line' id='line_1_40' title="bbox 490 5561 1491 5639; baseline 0.003 -17"><span class='ocrx_word' id='word_1_375' title='bbox 490 5577 494 5582; x_wconf 82' lang='lat'><em>·</em></span> <span class='ocrx_word' id='word_1_376' title='bbox 617 5562 737 5639; x_wconf 87' lang='lat' dir='ltr'><strong>quando</strong></span> <span class='ocrx_word' id='word_1_377' title='bbox 758 5561 977 5626; x_wconf 75' lang='lat' dir='ltr'><strong>Alexandriam</strong></span> <span class='ocrx_word' id='word_1_378' title='bbox 996 5561 1046 5624; x_wconf 88' lang='lat' dir='ltr'><strong>vel</strong></span> <span class='ocrx_word' id='word_1_379' title='bbox 1067 5561 1107 5624; x_wconf 89' lang='lat' dir='ltr'><strong>ad</strong></span> <span class='ocrx_word' id='word_1_380' title='bbox 1128 5561 1316 5625; x_wconf 84' lang='lat' dir='ltr'><strong>Thebaidem</strong></span> <span class='ocrx_word' id='word_1_381' title='bbox 1329 5561 1491 5625; x_wconf 82' lang='lat' dir='ltr'><strong>fueram».</strong></span> 
     </span>
    </p>
   </div>
   <div class='ocr_carea' id='block_1_7' title="bbox 0 0 2306 6560">
    <p class='ocr_par' dir='ltr' id='par_1_10' title="bbox 0 0 2306 6560">
     <span class='ocr_line' id='line_1_41' title="bbox 0 0 2306 6560; baseline 0 1"><span class='ocrx_word' id='word_1_382' title='bbox 0 0 2306 6560; x_wconf 95' lang='lat' dir='ltr'><strong> </strong></span> 
     </span>
    </p>
   </div>
  </div>
 </body>
</html>
