4604 6560
791 739 836 789 nn
861 734 1115 790 166166116116
1606 713 1668 790 111

596 837 980 843 ——.--—
987 835 1129 844 ——.-—

231 983 330 1052 mus,
359 964 417 1036 est
445 962 674 1038 fabricatum
702 965 743 1037 in
778 965 903 1039 medio
923 965 1078 1060 templi:
1113 965 1301 1060 templum
1338 985 1429 1039 1616
1469 964 1510 1038 16
1546 962 1671 1038 media

231 1085 391 1162 civitate
419 1093 552 1164 contra
580 1091 812 1186 aquilonem,
840 1113 918 1166 non
936 1092 1092 1186 longea
1118 1094 1229 1187 porta
1256 1091 1386 1166 Davit.
1412 1092 1505 1168 Post
1531 1092 1670 1165 Resur-

230 1206 464 1289 rectionem¹
485 1218 545 1290 est
562 1220 682 1308 ortus,
706 1217 747 1290 in
767 1239 842 1313 quo
861 1221 994 1291 666616
1013 1216 1135 1290 Maria
1154 1240 1241 1291 cum
1260 1217 1423 1292 Domino
1452 1218 1582 1292 locuta
1600 1219 1669 1290 est.

230 1336 339 1411 Foris
366 1339 563 1414 ecclesiam
595 1343 786 1416 16116661
821 1341 1004 1416 medietas
1036 1342 1150 1431 orbis,
1180 1363 1254 1437 quo
1282 1342 1365 1417 loco
1395 1341 1498 1430 ¹dicit
1526 1340 1670 1416 David:

238 1455 452 1558 “operatus
481 1487 520 1539 es
549 1467 713 1541 salutem
741 1467 781 1539 in
818 1465 943 1540 medio
971 1468 1097 1542 161166
1116 1523 1147 1554 ,.
1179 1466 1288 1540 Alius
1325 1467 1444 1540 etiam
1481 1463 1673 1565 propheta

234 1581 373 1664 dicit²z
398 1597 414 1627 “
438 1592 542 1668 Haec
560 1593 654 1668 dicit
680 1593 885 1667 Dominus:
913 1593 988 1666 ista
1015 1597 1075 1668 est
1103 1594 1329 1684 Jerusalem,
1358 1594 1398 1668 in
1426 1593 1550 1670 medio
1578 1615 1671 1688 gen-

232 1717 332 1791 tium
360 1721 471 1815 posui
499 1742 581 1794 eam
603 1777 635 1808 ,.
665 1721 710 1794 In
738 1720 929 1816 Golgotha
957 1723 1089 1795 autem
1116 1722 1175 1795 est
1193 1744 1282 1816 pars
1299 1721 1395 1818 ligni
1415 1719 1674 1816 salutipherae

234 1843 366 1932 crucis,
386 1843 426 1916 in
454 1868 531 1940 qua
558 1844 728 1918 confixus
756 1848 815 1920 est
844 1844 1042 1936 Dominus
1071 1847 1112 1919 et
1131 1845 1305 1938 titulum,
1335 1846 1436 1942 quod
1455 1849 1514 1920 661
1532 1843 1674 1938 reposi-

233 1971 319 2041 tum
337 1969 378 2042 in
397 1970 531 2045 locello
551 1974 743 2068 argenteo.
764 1970 833 2044 Est
851 1970 930 2044 illic
949 1973 988 2046 61
1008 1992 1138 2062 66166,
1159 1971 1262 2046 unde
1286 1971 1529 2066 ungebantur
1555 1991 1674 2064 reges,

234 2097 275 2167 61
303 2096 490 2169 66661616
510 2095 722 2172 Salomonis
737 2087 761 2170 ³.
787 2096 875 2170 Non
892 2096 1006 2192 longe
1026 2099 1157 2171 autem
1177 2121 1201 2172 a
1220 2097 1428 2172 medietate
1454 2094 1589 2170 mundi
1616 2096 1676 2169 est

234 2242 385 2296 carcer:
413 2222 468 2295 ibi
494 2245 585 2297 1616
605 2224 664 2298 661
682 2222 876 2318 alligatio;
901 2222 955 2296 ibi
973 2243 1089 2319 prope
1104 2224 1149 2320 ¹et
1167 2207 1392 2317 flagellatio,
1413 2221 1540 2317 ibique
1559 2241 1676 2317 prope

234 2345 351 2440 spinis
379 2348 587 2438 coronatio,
608 2347 661 2421 ibi
680 2369 796 2443 prope
816 2350 874 2421 661
893 2347 1122 2444 dIspoliatio,
1143 2349 1183 2421 61
1206 2345 1428 2422 vestimenti
1452 2344 1600 2421 divisio.
1629 2344 1676 2418 In

236 2471 413 2547 Calvaria
440 2476 582 2565 autem,
611 2475 677 2548 ubi
705 2473 906 2548 crucifixus
933 2475 991 2548 661
1015 2473 1213 2565 Dominus,
1232 2475 1291 2547 661
1318 2494 1426 2548 16666
1454 2472 1606 2564 scissus,
1635 2473 1676 2546 61

236 2595 276 2668 in
302 2597 383 2694 ipso
412 2601 543 2672 monte
562 2597 735 2672 06116116
757 2597 976 2672 ascenditur
994 2619 1063 2692 per
1081 2597 1221 2694 gradus
1242 2597 1371 2672 decem
1390 2600 1430 2672 61
1458 2601 1617 2693 septem,
1637 2599 1677 2670 61

236 2719 290 2794 ibi
308 2721 476 2815 pendent
493 2722 686 2818 lampades
706 2745 845 2797 novem
865 2745 951 2797 cum
970 2721 1129 2818 singulis
1148 2723 1284 2818 nappis
1305 2720 1507 2817 argenteis.
1533 2721 1677 2796 Subtus

236 2869 327 2921 1616
347 2850 406 2922 661
425 2847 627 2944 Golgotha,
645 2848 710 2921 ubi
726 2849 863 2924 cecidit
881 2849 1036 2944 sanguis
1052 2848 1194 2922 Christi
1212 2870 1326 2945 super
1342 2851 1490 2945 petram
1510 2847 1677 2923 scissam.

318 2973 553 3065 (Auonpmus)
583 2973 727 3048 Subtus
751 2977 884 3049 autem
901 2977 1035 3049 monte
1055 2973 1231 3049 Calvarie
1250 2976 1384 3049 666116
1406 2974 1592 3049 orientem
1620 2977 1680 3048 est

236 3101 424 3196 templum
452 3101 606 3174 Domini
626 3123 673 3176 ex
699 3101 777 3176 6116
796 3105 905 3198 parte
925 3101 1107 3191 civitatis,
1128 3100 1230 3196 quod
1250 3099 1429 3174 Salomon
1447 3099 1640 3176 edificavit
1652 3091 1677 3172 ⁴.

238 3223 429 3309 Quattuor
456 3228 585 3321 portas
623 3225 751 3316 habet,
780 3225 903 3321 prima
932 3225 980 3298 ab
1009 3225 1170 3315 oriente,
1199 3224 1365 3299 secunda
1395 3225 1443 3298 ab
1472 3224 1678 3316 occidente,

238 3350 399 3424 tertiae
426 3350 596 3442 meridie,
623 3355 762 3446 quarta
790 3352 838 3425 ab
868 3351 1059 3447 aquilone,
1087 3371 1186 3445 quae
1214 3350 1333 3424 habet
1360 3349 1677 3446 significationem

239 3478 425 3570 quattuor
452 3477 621 3572 partium
649 3475 987 3550 6616166616
1015 3497 1106 3550 1616
1136 3477 1223 3551 6616
1256 3475 1417 3570 angulus
1445 3475 1583 3564 habet;
1612 3497 1680 3571 per
1775 3472 1781 3500 ¹

239 3603 538 3698 unumquodque
554 3603 737 3697 angulum
757 3601 955 3676 duodecim
973 3624 1106 3698 passus
1126 3601 1314 3677 16111161.
1330 3600 1376 3674 16
1395 3599 1563 3675 medium
1581 3604 1678 3674 tem·

238 3727 293 3822 pli
321 3731 379 3802 661
405 3749 514 3802 mons
541 3750 702 3823 magnus
731 3727 985 3802 circumdatus
1018 3727 1243 3823 parietibus
1273 3727 1313 3800 in
1343 3749 1417 3822 quo
1452 3727 1679 3800 tabernacu-

239 3854 332 3940 lum,
361 3851 453 3928 illuc
480 3856 521 3928 et
548 3876 636 3928 6166
663 3853 890 3928 testamenti
909 3853 996 3944 fuit,
1017 3875 1115 3949 quae
1135 3877 1158 3926 6
1179 3852 1412 3948 Vespasiano
1437 3852 1680 3948 imperatore,

240 4112 346 4176 codice
367 4121 491 4176 6611616
511 4121 595 4194 sunt,
613 4132 835 4193 comparamus.
851 4113 1042 4187 Quibuscum
1056 4113 1201 4175 66616611
1214 4111 1297 4191 quod
1310 4109 1360 4174 hic
1375 4119 1560 4174 memoratur
1573 4112 1681 4176 hortus

239 4221 312 4294 post
331 4214 523 4291 Anastasim,
538 4215 570 4275 in
585 4234 643 4292 quo
658 4221 768 4294 postea
789 4214 919 4276 ecclesia
941 4213 971 4274 S.
988 4213 1107 4274 Mariae
1133 4213 1266 4275 excitata
1287 4218 1352 4273 est:
1374 4218 1443 4272 tum
1464 4209 1544 4288 quod
1566 4210 1682 4272 dictum

239 4312 387 4374 biblicum
408 4333 425 4374 e
445 4313 588 4374 versione
608 4333 720 4390 graeca
739 4312 933 4392 producitur:
957 4312 1089 4388 denique
1110 4310 1192 4388 quod
1224 4327 1298 4372 crux
1327 4311 1360 4371 in
1390 4309 1501 4372 locello
1532 4317 1680 4389 argenteo

239 4411 395 4473 indicatur
415 4419 447 4472 61
468 4411 579 4473 titulus
600 4413 700 4474 crucis
720 4419 753 4473 et
773 4431 868 4472 comu
889 4419 922 4472 61
943 4411 1074 4472 annulus
1095 4411 1277 4472 Salomonis.

322 4511 331 4546 ¹
353 4512 464 4590 Locus,
485 4512 539 4572 ubi
559 4513 612 4590 pia
632 4511 758 4573 traditio
778 4509 899 4572 ferebat
919 4511 1051 4571 Mariam
1070 4509 1290 4588 Megdelenam
1309 4509 1476 4570 Dominum
1489 4515 1561 4588 post
1574 4527 1681 4570 16661-

239 4612 409 4673 rectionem
436 4609 555 4672 vidisse
586 4617 619 4672 et
649 4631 718 4671 cum
748 4631 784 4671 eo
815 4609 1022 4687 colloquutam
1051 4629 1129 4687 esse,
1156 4631 1174 4668 a
1195 4607 1371 4669 christianis
1396 4607 1520 4668 saeculo
1548 4605 1682 4668 16116666

242 4716 330 4772 sexto
352 4710 404 4771 vel
425 4717 517 4771 antee
537 4715 734 4771 consecratus
756 4708 856 4770 estin
878 4707 1010 4769 66616616
1031 4707 1061 4768 S.
1076 4705 1203 4784 Mariae,
1223 4726 1315 4784 quam
1329 4704 1429 4766 forma
1442 4702 1683 4784 quadrangulari

241 4816 450 4871 constructam
470 4807 551 4870 vidit
571 4807 747 4886 Arculphus
769 4808 801 4886 (l.
823 4807 849 4884 Ι,
871 4827 936 4886 cap.
958 4807 1001 4886 5),
1023 4812 1055 4867 61
1076 4805 1291 4867 cohaerentem
1313 4804 1462 4866 ecclesiae
1481 4805 1512 4865 S.
1530 4803 1683 4886 Sepulcri.

322 4907 334 4943 ²
356 4907 440 4970 Psel.
470 4907 627 4985 LXXIII,
650 4908 697 4967 12.
720 4905 875 4984 Ezechiel,
896 4925 922 4968 6.
943 4926 973 4966 1.
995 4905 1023 4964 ὅ.
1045 4905 1084 4965 16
1097 4905 1226 4983 vulgata
1245 4903 1373 4982 legitur:
1398 4901 1513 4964 «Haec
1528 4901 1606 4964 (11611
1624 4902 1684 4965 Do·

242 5005 345 5068 minus
365 5005 480 5066 Dens»
504 5013 563 5066 etc.

321 5102 441 5165 3Η666
460 5103 494 5164 in
514 5103 769 5182 Peregrinatione
799 5109 963 5164 occurrunt
998 5103 1080 5183 (pag.
1102 5102 1151 5179 95,
1181 5109 1213 5163 et
1239 5102 1313 5183 96):
1344 5100 1490 5162 «loculus
1518 5107 1685 5178 argenteus

242 5201 408 5267 deauratus
411 5247 459 5264 .....
478 5201 603 5280 ponitur
623 5201 656 5261 in
676 5221 783 5262 mensa
802 5221 892 5279 quam
911 5200 1031 5278 lignum
1051 5201 1151 5260 crucis
1172 5219 1261 5277 qnam
1286 5197 1397 5259 titulus
1400 5241 1457 5260 ......
1479 5197 1611 5259 annulus
1634 5197 1685 5258 Sa·v

243 5303 383 5380 lomonis,
405 5309 437 5364 61
457 5322 550 5362 comu
571 5301 659 5380 illud,
682 5301 800 5378 dequo
822 5319 912 5378 reges
934 5301 1185 5378 unguebantur.»
1211 5345 1217 5360 .

324 5398 904 5481 4(1666(161616616861616611161116
928 5398 1114 5472 referuntur,
1140 5393 1232 5460 valde
1257 5393 1435 5478 discrepant
1461 5421 1480 5460 a
1505 5396 1685 5459 testimonio

244 5501 442 5580 Peregrinae,
458 5520 536 5579 quae
557 5497 595 5562 de
617 5499 671 5561 illo
691 5498 822 5560 inferius
843 5497 986 5577 loquitur,
1009 5505 1041 5560 et
1061 5495 1172 5560 fictitia
1192 5518 1266 5562 6666.
1293 5495 1459 5578 videntur:
1491 5503 1615 5559 6661616
1646 5487 1687 5557 ad

245 5601 381 5665 infimam
401 5607 535 5663 aetatem
555 5599 722 5680 pertinent.
