4604 6560
627 694 689 758 126
1213 717 1312 762 rarsi
1336 717 1473 764 orroour

1918 807 2058 817 ——0-

625 954 744 1027 usque
771 932 821 1005 ad
849 933 1042 1030 regionem
1071 933 1360 1010 Sodomitanam
1387 939 1428 1011 et
1447 936 1632 1011 Asfaltios
1651 935 1745 1010 fines
1772 936 1877 1010 locus
1906 935 2062 1010 diffusus

624 1058 800 1132 habetur.
830 1059 1023 1135 Adversus
1056 1063 1145 1137 huic
1182 1086 1290 1138 mons
1328 1086 1443 1158 supra
1480 1063 1683 1138 Iordanem
1716 1063 1765 1137 ab
1792 1064 1888 1137 urbe
1916 1061 2063 1136 Iuliade

623 1206 744 1278 usque
771 1184 820 1257 ad
838 1185 977 1261 Zoaros
996 1186 1137 1262 Arabie
1157 1188 1293 1263 Petrae
1311 1189 1497 1263 terminos
1516 1192 1708 1282 extentus,
1729 1188 1796 1262 ubi
1815 1187 1934 1263 etiam
1955 1209 2062 1262 mons

623 1312 682 1385 est
710 1309 870 1386 Ferreus
906 1313 1139 1388 nominatus.
1169 1314 1276 1389 Inter
1310 1316 1379 1390 hos
1408 1315 1502 1389 duos
1539 1319 1690 1390 montes
1718 1336 1875 1410 campus
1903 1335 2063 1409 magnus

623 1435 736 1528 iacet,
765 1437 831 1532 qui
859 1436 999 1511 dicitur
1025 1439 1166 1530 Aulon,
1196 1444 1302 1516 cuius
1322 1441 1524 1537 longitudo
1550 1441 1716 1537 triginta
1744 1443 1784 1515 et
1812 1439 2063 1512 ducentorum

624 1560 849 1653 stadiorum,
877 1562 1045 1638 latitudo
1070 1567 1223 1640 centum
1243 1570 1284 1640 31
1301 1566 1461 1662 viginti:
1483 1565 1682 1642 exordium
1704 1564 1830 1640 avico
1860 1562 2061 1654 (13333331,

624 1685 710 1758 finis
737 1708 858 1782 usque
886 1673 1677 1767 131311133113031310313313333333113
1706 1690 1874 1764 medium
1905 1691 2061 1763 interse-

624 1815 699 1902 cat,
728 1812 984 1889 viridantibus
1012 1815 1115 1910 ripiS,
1139 1816 1307 1890 fluminis
1326 1817 1540 1907 alluvione,
1554 1818 1587 1890 si
1615 1815 1766 1911 quidem
1797 1837 1915 1911 supra
1941 1816 2063 1909 ripam

624 1937 791 2012 fluminis
819 1939 968 2014 fructus
1000 1943 1180 2015 arborum
1219 1937 1372 2018 uberior
1407 1947 1477 2034 est,
1507 1943 1602 2016 alias
1631 1942 1744 2036 longe
1780 1939 1929 2030 exilior,
1958 1938 2064 2012 arida

624 2063 727 2136 enim
754 2067 846 2138 sunt
874 2067 1002 2140 omnia
1030 2071 1183 2164 praeter
1210 2093 1318 2143 oram
1344 2070 1523 2144 fluminis.

704 2190 765 2280 (Β.
782 2213 810 2266 o.
827 2193 903 2282 XI)
922 2191 1046 2289 Ipsius
1065 2199 1198 2268 autem
1216 2195 1388 2270 Iordanis
1408 2196 1607 2270 exordium
1625 2197 1666 2270 in
1694 2193 1890 2290 provincia
1918 2191 2063 2266 Fenicis

623 2317 672 2392 ad
699 2318 845 2393 radices
872 2320 1014 2393 montis
1042 2320 1190 2409 Libani,
1218 2321 1286 2394 ubi
1322 2320 1498 2410 Panium,
1527 2320 1566 2393 id
1594 2324 1654 2395 est
1683 2319 1869 2392 Caesarea
1899 2315 2062 2411 Philippi

624 2445 700 2518 sita
728 2446 798 2518 est.
829 2443 1005 2540 Speleum
1043 2467 1134 2520 vero
1161 2468 1230 2542 per
1267 2446 1369 2542 quod
1397 2469 1437 2521 se
1475 2469 1515 2520 se
1552 2446 1702 2520 attollit
1729 2443 1903 2519 Iordanis
1931 2442 2063 2518 decore

623 2568 841 2644 admirabili
868 2573 1088 2645 extructum
1108 2575 1177 2645 est.
1198 2570 1243 2644 In
1262 2571 1504 2646 'Iraoonitide
1524 2593 1616 2647 vero
1634 2574 1741 2645 terra
1763 2569 1849 2643 fons
1869 2570 1928 2642 est
1955 2569 2063 2640 rotae

624 2696 856 2790 qualitatem
883 2697 1106 2792 exprimens,
1132 2697 1234 2771 unde
1262 2701 1302 2772 et
1330 2697 1421 2794 Syla
1439 2720 1579 2772 nomen
1607 2697 1767 2791 accepit,
1796 2692 2064 2790 quindecima

625 2821 808 2896 Caesarea
835 2823 990 2897 milibus
1017 2847 1199 2920 passuum
1232 2825 1429 2916 discretus,
1459 2827 1515 2898 ita
1543 2824 1685 2918 iugiter
1711 2823 1846 2919 plenus
1876 2843 2063 2916 aquarum

626 2945 875 3038 abundantia,
904 2951 949 3021 ut
976 2971 1098 3044 neque
1126 2951 1364 3046 superfluant
1387 2971 1511 3045 neque
1540 2972 1723 3043 umquam
1752 2947 1992 3020 minuantur.
2019 2944 2064 3017 13

626 3072 726 3146 bunc
757 3071 956 3169 Philippus
991 3075 1214 3150 Tetrarchae
1250 3076 1379 3171 paleas
1417 3076 1535 3166 misit,
1565 3075 1729 3170 quasin
1766 3073 1895 3148 Peneo
1923 3070 2063 3145 fluvius

626 3195 814 3271 ebullivit.
842 3196 952 3272 Unde
970 3198 1093 3294 liquet
1111 3201 1151 3272 in
1169 3199 1306 3274 Phiala
1324 3200 1552 3295 principium
1572 3221 1653 3276 esse
1672 3197 1860 3286 Iordanis
1885 3195 1951 3269 sed
1978 3197 2064 3290 post

626 3322 894 3398 subterraneos
921 3327 1071 3398 meatus
1098 3326 1139 3398 in
1166 3325 1286 3399 Panio
1315 3327 1479 3422 coepisse
1505 3327 1705 3414 fluentum,
1727 3323 1795 3418 qui
1821 3344 1911 3395 mox
1938 3321 2063 3394 lacum

625 3449 827 3544 ingressus,
856 3449 1014 3545 paludes
1041 3451 1122 3525 eius
1142 3451 1368 3526 intersecat:
1398 3452 1486 3526 inde
1516 3473 1667 3547 quoque
1695 3469 1827 3523 cursus
1855 3468 1944 3520 suos
1973 3444 2062 3517 diri·

625 3596 729 3670 gens,
757 3576 974 3670 quindecim
1003 3576 1125 3650 millia
1152 3567 1332 3673 passuum
1352 3577 1433 3651 sine
1452 3577 1533 3651 ulla
1561 3573 1842 3650 intermissione
1869 3568 2062 3667 progredi·

625 3703 692 3773 tur
721 3723 839 3796 usque
867 3700 917 3774 ad
934 3702 1069 3775 urbem
1088 3700 1245 3775 Iuliam:
1265 3705 1399 3798 postea
1418 3703 1542 3778 lacum
1563 3701 1751 3776 Genessar
1768 3697 1894 3773 medio
1922 3695 2064 3769 transit

626 3829 793 3904 fluento:
822 3829 923 3904 unde
961 3829 1126 3925 plurima
1162 3829 1489 3925 circumvagatus,
1521 3828 1735 3917 Affaltium,
1764 3825 1835 3900 hoc
1867 3825 1927 3898 est
1960 3841 2064 3894 mare

529 3933 532 3941 ¹
626 3957 824 4028 mortuum
850 3954 1054 4049 ingressus,
1075 3953 1287 4028 laudabiles
1314 3954 1440 4050 perdit
1459 3975 1598 4049 aquas:
1620 3955 1681 4026 est
1699 3951 1802 4024 enim
1821 3947 1959 4023 coloris
1987 3944 2065 4018 albi

628 4080 727 4153 sicut
755 4077 824 4168 lac,
853 4081 895 4153 et
922 4080 970 4154 ob
998 4079 1069 4153 boc
1096 4079 1136 4151 13
1164 4078 1262 4150 mari
1288 4081 1443 4153 mortuo
1466 4077 1706 4151 discernitur.
1735 4074 1804 4148 Est
1832 4075 1963 4147 autem
1992 4069 2062 4142 Ge·

627 4225 768 4295 nessar,
796 4202 835 4278 id
863 4208 922 4278 est
949 4226 1054 4279 mare
1085 4202 1254 4279 Galileae
1273 4203 1421 4298 magnis
1440 4202 1546 4278 silvis
1569 4201 1847 4276 circumdatum
1874 4198 1915 4269 in
1943 4195 2063 4290 longi-

627 4328 761 4404 tudine
789 4329 932 4404 habens
951 4332 1103 4404 centum
1122 4328 1325 4424 sexaginta
1344 4328 1481 4419 stadia,
1501 4328 1541 4402 in
1560 4326 1768 4401 latitudine
1794 4320 2064 4419 quadraginta,

628 4475 751 4550 aquae
779 4453 898 4528 dulcis
927 4457 967 4527 et
995 4433 1044 4527 ad
1070 4453 1279 4548 potandum
1320 4452 1517 4526 amabilis:
1545 4452 1578 4526 si
1605 4451 1759 4546 quidem
1786 4469 1856 4522 nec
1882 4443 2065 4543 palustris

627 4580 783 4676 uliginis
801 4582 1012 4653 crassatum
1031 4578 1176 4674 aliquid
1195 4583 1265 4652 aut
1282 4578 1480 4652 turbidum
1501 4577 1647 4673 recipit,
1664 4577 1754 4672 quia
1773 4592 1932 4648 arenoso
1952 4568 2062 4642 undi-

629 4727 704 4800 que
730 4704 845 4779 litore
875 4703 1185 4796 circumvenitur,
1217 4703 1283 4778 sed
1320 4704 1490 4777 amoenis
1527 4700 1785 4777 circumdatur
1819 4695 1987 4794 oppidis:
2017 4693 2064 4766 ab

630 4832 776 4904 oriente
802 4829 950 4904 Iuliade
978 4833 1018 4904 31
1050 4829 1186 4926 Hipp0,
1220 4830 1268 4903 ab
1304 4829 1499 4904 occidente
1535 4827 1758 4926 Tyberiade,
1796 4819 2065 4920 aquiscalidis

629 4954 785 5027 salubri.
814 4952 962 5029 Genera
980 4977 1131 5051 quoque
1151 4955 1309 5050 piscium
1329 4958 1445 5050 gustu
1464 4957 1505 5028 et
1524 4953 1646 5047 specie
1665 4975 1781 5048 quam
1800 4950 1840 5022 13
1859 4947 1936 5021 3110
1955 4965 2062 5040 prae·

629 5079 830 5153 stantiora.

710 5203 934 5296 (Β.0.Χ11)
962 5205 1067 5282 Mare
1087 5228 1177 5280 vero
1201 5210 1397 5280 mortuum
1424 5205 1664 5298 longitudine
1692 5202 1826 5278 stadiis
1854 5201 2065 5299 quingenta

629 5328 825 5423 octoginta
852 5352 972 5424 usque
1000 5331 1049 5404 ad
1075 5330 1215 5405 Zoaros
1244 5329 1421 5422 Arabiae,
1450 5329 1657 5405 latitudine
1691 5331 1845 5403 centum
1873 5328 2061 5422 quinqua·

629 5452 737 5548 ginta
764 5477 884 5550 usque
912 5455 961 5528 ad
989 5456 1128 5530 vicinia
1157 5455 1408 5531 Sodomorum
1435 5456 1643 5551 protendit.
1669 5454 1770 5529 Nam
1794 5457 1834 5529 et
1862 5453 1908 5527 de
1937 5451 2062 5548 puteis

630 5578 822 5676 quondam
851 5580 940 5654 salis
967 5584 1054 5678 post
1082 5580 1266 5661 Sodomae
1294 5585 1335 5658 31
1354 5581 1561 5656 Gomorrae
1580 5585 1620 5655 et
1647 5581 1851 5655 civitatum
1878 5576 2060 5652 finitima·
