4604 6560
821 681 867 727 na
890 679 985 726 nocie
1008 677 1145 726 sunonis
1639 661 1703 726 143
1772 713 1775 720 .

1541 769 1700 778 -—-—--—

265 900 325 973 est
350 897 391 971 in
418 918 463 972 eo
490 897 585 990 loce,
605 899 672 973 ubi
692 899 845 974 loeutus
864 901 923 974 est
940 898 1126 973 Dominus
1144 899 1267 996 Moysi
1287 899 1326 972 in
1349 900 1458 988 rubo,
1487 897 1554 995 qui
1583 898 1703 972 rubus

265 1046 386 1121 usque
412 1024 524 1100 hodie
551 1024 652 1100 vivit
678 1026 718 1101 et
745 1025 870 1100 mittit
905 1025 1088 1122 virgulta.
1116 1025 1176 1099 Ibi
1202 1045 1294 1123 ergo
1323 1049 1423 1121 aqua
1450 1029 1510 1101 est
1542 1025 1702 1120 optima.

267 1149 490 1226 Ostenditur
517 1151 636 1225 etiam
662 1150 704 1225 in
730 1150 812 1247 ipsa
831 1150 944 1240 valle,
965 1150 1131 1246 qualiter
1152 1151 1413 1246 unusquisque
1440 1149 1702 1224 habitationes

265 1275 467 1366 habuerat,
495 1274 698 1372 dequibus
717 1275 1021 1350 habitationibus
1039 1298 1159 1370 usque
1177 1276 1218 1350 in
1236 1275 1462 1349 hodiernum
1483 1275 1584 1351 diem
1611 1275 1699 1350 fun·

265 1398 447 1476 (lamenta
471 1402 620 1498 parent,
642 1398 963 1496 quemadmodum
982 1400 1140 1476 fuorunt
1157 1400 1349 1496 lapidibus
1376 1400 1622 1476 circumdata.
1642 1400 1702 1476 Ibi

264 1527 384 1602 etiam
411 1533 471 1601 est
498 1527 615 1615 loeus,
646 1527 711 1601 ubi
738 1526 1030 1603 tabernaculum
1048 1526 1186 1602 federis
1213 1526 1392 1624 pn'mitus
1419 1525 1537 1600 lixum
1556 1529 1626 1600 est.
1644 1526 1703 1600 Ab

265 1651 343 1728 alia
369 1674 461 1728 vero
489 1655 599 1749 parte
626 1652 729 1727 inter
756 1654 905 1726 montes
923 1653 1063 1742 exitur,
1084 1655 1125 1728 et
1142 1651 1326 1748 incipitur
1349 1651 1431 1746 jam
1460 1651 1570 1725 iuxta
1596 1675 1702 1726 mare

266 1776 476 1868 ambulare,
503 1779 561 1852 ita
588 1780 635 1851 ut
661 1777 789 1852 subito
817 1799 884 1874 per
903 1801 1044 1874 aquam
1070 1778 1187 1852 maris
1215 1777 1399 1867 ambules,
1429 1777 1558 1852 subito
1586 1778 1704 1852 etiam

264 1900 307 1974 in
334 1901 563 1998 quingentos
590 1925 723 2000 passus
741 1924 808 1999 per
827 1923 984 1977 arenam
1002 1902 1224 1978 ambuletur
1242 1901 1377 1976 eremi:
1404 1901 1468 1977 via
1495 1901 1596 1975 enim
1626 1901 1704 1976 illie

265 2027 420 2124 penitus
448 2049 525 2101 non
552 2031 625 2118 est,
654 2027 719 2103 sed
738 2025 804 2123 qui
823 2026 965 2103 ibidem
985 2027 1187 2102 ambulant
1215 2028 1254 2100 in
1282 2027 1385 2118 leole,
1405 2030 1445 2102 et
1472 2026 1564 2100 loeis
1591 2025 1700 2120 signa

266 2153 432 2247 ponunt,
460 2150 510 2225 ad
538 2173 635 2247 quae
676 2150 785 2247 signa
811 2173 878 2246 per
906 2150 1006 2226 diem
1044 2150 1257 2238 ambulant,
1288 2153 1400 2224 nocte
1432 2152 1566 2223 autem
1594 2149 1703 2244 signa

268 2277 405 2351 cameli
433 2276 704 2352 ostendunt.A
723 2298 830 2351 mare
849 2281 981 2351 autem
1003 2277 1259 2378 rubro—usque
1278 2275 1327 2350 ad
1341 2275 1483 2350 Arabie
1501 2275 1702 2350 civitatem

267 2401 482 2477 mansiones
509 2405 678 2498 quatuor
705 2404 806 2478 sunt.
835 2401 924 2475 Filii
950 2403 1083 2476 autem
1111 2400 1241 2492 Israel,
1263 2401 1415 2496 quando
1444 2401 1585 2496 egressi
1612 2403 1704 2474 sunt

268 2524 316 2600 de
342 2523 506 2622 Egypto,
526 2529 715 2622 quantum
733 2525 844 2600 ibant
862 2524 1009 2615 dextra,
1028 2527 1184 2600 tantum
1203 2525 1381 2600 redibant
1399 2524 1555 2598 sinistra
1582 2545 1703 2620 quan-

266 2651 354 2722 tum
380 2647 504 2724 denuo
532 2649 687 2724 sinistra
713 2648 836 2739 ibant,
864 2651 1019 2722 tantum
1046 2647 1170 2724 denuo
1198 2651 1303 2724 retro
1331 2647 1704 2724 revertebanturz'et
1841 2679 1847 2692 ¹

269 2775 324 2850 sio
351 2774 526 2850 fecerunt
552 2765 650 2873 ipsi¹
669 2830 784 2850 .....

350 2979 361 3016 ¹
380 2980 449 3042 Hae
468 2999 554 3061 vona,
581 3003 600 3044 a
622 2979 832 3061 superioribus
853 2979 1026 3042 editoribus
1045 3000 1107 3042 non
1127 2979 1278 3060 inspecta,
1300 2981 1427 3062 explicit
1447 2980 1562 3042 oodieie
1582 2979 1704 3060 pagina.

269 3077 356 3158 Opus
376 3094 452 3141 voro
471 3079 562 3142 Petri
581 3079 713 3143 Diaooni
732 3079 801 3142 heio
820 3079 1028 3160 intemptum
1048 3078 1147 3142 fuisse
1167 3099 1229 3140 non
1248 3087 1339 3161 puto:
1360 3081 1428 3142 eine
1450 3099 1526 3142 vero
1544 3079 1700 3142 continua·

269 3177 385 3240 donem
406 3177 440 3239 in
459 3178 648 3242 bibliotheca
669 3177 823 3241 ossium
842 3177 960 3240 frustra
978 3177 1129 3257 quaesivi.
