4604 6560
617 683 660 750 84
1109 708 1136 752 s.
1160 708 1292 755 srzvrarc
1314 709 1561 757 rnuznmrumo

615 944 748 1016 passus
764 914 787 996 ¹.
817 921 933 998 Serta
960 924 1021 998 die
1048 924 1088 998 in
1117 925 1232 1021 Syon.
1263 927 1432 1023 Septima
1460 928 1521 1002 die
1548 931 1589 1002 in
1607 929 1805 1005 Anastasa
1827 932 1973 1006 Octava
1992 934 2053 1008 die

614 1049 663 1120 ad
691 1047 861 1122 Crucem.
893 1051 947 1125 Ac
974 1050 1026 1125 sic
1054 1072 1144 1146 ergo
1171 1075 1239 1148 per
1267 1056 1353 1128 octo
1382 1054 1461 1128 dies
1489 1055 1581 1128 haec
1609 1057 1731 1129 omnis
1755 1056 1925 1148 laetitia,
1949 1061 1990 1132 et
2020 1059 2053 1133 is

613 1173 799 1248 homatns
828 1175 1044 1249 celebratur
1071 1177 1111 1249 in
1139 1177 1314 1252 omnibus
1342 1179 1434 1253 locis
1461 1181 1613 1270 sanctis,
1648 1204 1742 1276 quos
1779 1183 1953 1278 superine
1980 1206 2050 1258 no·

549 1303 586 1360 60
613 1300 770 1374 minavi.
799 1299 843 1372 In
872 1298 1070 1375 Bethleem
1099 1305 1229 1377 autem
1256 1325 1324 1400 per
1348 1303 1354 1393 Ι
1378 1307 1482 1378 totos
1510 1308 1596 1380 octo
1625 1305 1705 1388 dies
1729 1308 1868 1383 cotidie
1886 1309 1919 1382 is
1938 1331 2051 1384 orna·

611 1429 676 1498 tus
703 1429 783 1514 est;
812 1429 853 1500 et
881 1426 963 1521 ipsa
990 1427 1142 1501 laetitia
1169 1428 1384 1503 celebratur
1411 1452 1435 1503 a
1461 1429 1680 1524 presbiteris
1700 1434 1740 1506 et
1758 1432 1806 1506 ab
1826 1434 1930 1506 omni
1949 1435 2049 1510 clero

612 1551 729 1646 ipsius
756 1552 841 1642 loci,
870 1555 912 1626 et
939 1576 963 1626 a
990 1556 1249 1643 monazontes,
1272 1555 1339 1649 qui
1366 1553 1406 1627 in
1426 1556 1506 1650 ipso
1525 1555 1608 1629 loco
1628 1555 1803 1650 deputati
1822 1561 1926 1630 sunt.
1946 1558 2046 1632 Nam

611 1679 652 1750 et
678 1677 745 1750 illa
773 1678 879 1768 hora,
909 1701 985 1774 qua
1013 1700 1143 1752 omnes
1161 1682 1273 1753 nocte
1292 1680 1332 1752 in
1350 1679 1576 1753 Ierusolima
1594 1683 1844 1755 revertuntur
1863 1704 1950 1757 cum
1969 1683 2048 1777 epi·

610 1823 734 1898 scopo,
765 1806 858 1878 tnnc
886 1803 958 1878 loci
985 1803 1102 1898 ipsius
1130 1804 1318 1891 monachi,
1339 1805 1568 1900 quicumque
1591 1809 1694 1894 sunt,
1716 1829 1835 1902 usqne
1854 1808 1902 1880 ad
1920 1808 2047 1882 lucem

611 1928 650 1998 in
669 1928 826 2002 ecclesia
844 1928 884 2001 in
903 1928 1100 2002 Bethleem
1115 1929 1358 2024 pervigilant,
1375 1953 1510 2024 ymnos
1529 1951 1595 2004 seu
1616 1931 1845 2026 antiphonas
1860 1931 2046 2006 dicentes:

611 2051 701 2147 quia
729 2052 945 2146 episcopum
974 2073 1124 2126 necesse
1152 2056 1211 2126 est
1230 2053 1298 2126 hos
1326 2053 1404 2126 dies
1432 2075 1579 2149 semper
1598 2053 1637 2126 in
1658 2053 1882 2128 lerusolima
1900 2058 2045 2130 tenere.

610 2177 684 2251 Pro
712 2178 973 2252 sollemnitate
1001 2180 1132 2283 autem
1161 2181 1202 2252 et
1228 2177 1379 2252 laetitia
1406 2178 1524 2273 ipsius
1553 2179 1626 2252 diei
1653 2179 1827 2253 infinitae
1849 2181 1987 2256 turbae
2006 2203 2047 2258 66

517 2311 521 2322 ’
609 2302 779 2397 undique
808 2303 989 2395 colligent
1016 2304 1055 2374 in
1084 2302 1318 2394 lerusolima,
1347 2324 1424 2376 non
1452 2303 1575 2376 solum
1609 2307 1865 2396 monazontes,
1904 2305 1970 2379 sed
2006 2311 2048 2380 et

610 2427 697 2501 laici
725 2428 810 2519 viri,
840 2431 910 2501 aut
937 2427 1128 2501 mulieres.
1173 2477 1174 2482 =

690 2551 788 2626 Sane
816 2553 1129 2648 quadragesimae
1149 2551 1195 2626 de
1214 2544 1442 2647 epiphania²
1469 2553 1581 2628 valde
1609 2574 1696 2627 cum
1724 2575 1872 2627 summo
1900 2556 2046 2629 honore

608 2675 670 2750 hic
683 2677 937 2752 celebrantur.
953 2676 1053 2749 Nam
1072 2676 1205 2752 eadem
1220 2675 1280 2749 die
1298 2677 1484 2770 processio
1504 2681 1563 2751 est
1581 2677 1622 2750 in
1640 2676 1835 2768 Anastase,
1859 2681 1900 2752 et
1912 2700 2046 2753 omnes

607 2801 829 2895 procedunt,
859 2803 899 2875 et
927 2800 1058 2874 ordine
1087 2802 1257 2896 aguntur
1284 2799 1412 2872 omnia
1439 2823 1526 2875 cnm
1554 2823 1703 2874 summa
1735 2802 1898 2892 laetitia,
1938 2823 1983 2877 ac
2014 2802 2046 2876 si

608 2945 675 3018 per
701 2926 853 3018 pascha.
883 2924 1088 2998 Predicant
1116 2926 1231 2997 etiam
1267 2945 1396 3000 omnes
1430 2927 1642 3022 presbiteri,
1681 2929 1721 3000 et
1758 2927 1810 3001 sic
1847 2929 2046 3025 episcopus

608 3069 755 3142 semper
783 3048 829 3123 de
857 3070 901 3125 eo
929 3050 1013 3124 loco
1041 3052 1254 3124 tractantes
1274 3051 1474 3145 evangelii,
1505 3051 1571 3124 ubi
1591 3051 1881 3147 quadragesima
1900 3052 1961 3126 die
1980 3057 2046 3128 tu·

606 3173 737 3247 lerunt
764 3174 970 3247 Dominum
998 3175 1038 3247 in
1065 3175 1209 3270 templo
1237 3175 1371 3269 Ioseph
1393 3179 1433 3248 et
1453 3175 1585 3265 Maria,
1605 3178 1647 3251 et
1666 3175 1846 3250 viderunt
1864 3198 1953 3250 enm
1973 3176 2043 3273 Sy-

607 3319 719 3372 meon
747 3299 808 3374 vel
837 3299 948 3373 Anna
975 3299 1214 3394 prophetissa
1241 3299 1320 3373 filia
1349 3299 1551 3390 Samuhel,
1586 3303 1626 3375 et
1653 3300 1700 3374 de
1727 3300 1853 3375 verbis
1891 3323 2043 3392 eorum,

606 3445 704 3519 quae
733 3423 912 3498 dixerunt
939 3425 1020 3499 viso
1049 3423 1224 3513 Domine,
1253 3425 1315 3498 vel
1343 3423 1389 3499 de
1416 3424 1610 3498 oblatione
1638 3425 1731 3520 ipsa,
1760 3449 1872 3520 quam
1891 3427 2043 3501 obtule·

605 3550 698 3621 runt
714 3552 903 3644 parentes.
919 3547 968 3620 Et
981 3549 1224 3643 postmodum
1243 3548 1441 3622 celebratis
1461 3548 1636 3621 omnibus
1656 3571 1722 3643 per
1741 3549 1923 3639 ordinem,
1940 3551 2039 3646 quae

605 3672 880 3747 consuetudine
907 3677 1010 3763 sunt,
1039 3675 1208 3767 aguntur
1234 3675 1484 3760 sacramenta,
1515 3674 1555 3746 et
1582 3673 1635 3746 sic
1662 3672 1707 3745 fit
1734 3673 1861 3748 missa.

685 3796 784 3870 Item
813 3797 892 3871 dies
919 3797 1086 3892 pascales
1115 3819 1202 3871 cnm
1228 3797 1415 3886 venerint,
1444 3797 1688 3872 celebrantur
1720 3799 1783 3873 sic.
1813 3799 1914 3872 Nam
1942 3798 2042 3872 sicut

605 3921 707 4016 apud
735 3943 804 3996 nos
832 3921 1144 4017 quadragesimae
1172 3926 1263 3996 ante
1291 3922 1430 4018 pascha
1457 3922 1737 4003 attenduntur:
1766 3924 1824 3996 ita
1856 3924 1917 3997 hic
1954 3927 2041 3996 octo

605 4050 837 4144 septimanae
864 4047 1120 4121 attenduntur
1148 4051 1239 4122 ante
1257 4047 1408 4142 pascha.
1430 4027 1649 4143 Propterea
1663 4051 1793 4122 autem
1814 4051 1900 4122 octo
1926 4047 2040 4142 septi·

604 4193 740 4248 manae
759 4172 1026 4264 attenduntur,
1047 4173 1138 4268 quia
1157 4172 1354 4246 dominicis
1383 4172 1518 4247 diebus
1547 4176 1587 4248 et
1613 4172 1775 4246 sabbato
1794 4193 1871 4246 non
1895 4170 2039 4246 ieiuna·

685 4447 692 4482 ¹
716 4447 887 4526 Laterium,
909 4448 976 4510 sive
997 4447 1172 4528 sepulcrum
1192 4447 1302 4508 Lazari
1322 4449 1355 4508 in
1375 4447 1538 4508 Bethania.
1558 4446 1633 4508 Itin.
1655 4446 1750 4508 Burd.
1768 4444 1928 4509 «Indead
1942 4445 2041 4508 66166-

603 4554 666 4606 tem
687 4566 796 4624 passus
817 4545 901 4607 mille
921 4546 1108 4625 quingentos
1129 4553 1179 4607 est
1199 4545 1282 4622 villa,
1304 4564 1381 4622 quae
1402 4546 1577 4624 appellatur
1596 4544 1758 4606 Bethania.
1779 4543 1829 4606 Ibi
1851 4550 1900 4606 est
1920 4551 2038 4624 crypta,

602 4645 655 4705 nbi
675 4645 810 4706 Lazarus
831 4646 952 4724 positus
972 4644 1042 4724 fnit,
1064 4665 1155 4724 quem
1176 4644 1340 4706 suscitavit
1359 4644 1549 4705 Dominus.»
1573 4644 1614 4704 Et
1635 4642 1782 4704 Arculfns
1802 4643 1835 4703 in
1849 4643 2038 4718 Adamnano,

602 4744 655 4803 lib.
670 4743 687 4803 1
701 4763 766 4822 cap.
781 4744 911 4805 XXIV:
935 4743 1133 4815 ‹Quemdam
1154 4742 1326 4804 Bethaniae
1346 4742 1518 4821 campulum
1532 4761 1643 4820 magna
1657 4741 1807 4802 olivanum
1821 4741 1902 4802 silva
1915 4739 2039 4800 circum-

490 4863 492 4866 ·
603 4841 708 4901 datum
729 4841 880 4920 visitavit,
901 4841 953 4902 ubi
974 4841 1091 4920 grande
1113 4849 1163 4903 est
1182 4841 1411 4918 monasterinm,
1432 4847 1464 4901 et
1485 4839 1612 4919 grandis
1634 4839 1763 4900 basilica
1783 4858 1877 4919 supra
1891 4837 1976 4898 illam
1990 4857 2039 4899 ae·

602 4937 725 4998 dificata
745 4938 931 5017 speluncam,
953 4939 991 5000 ds
1012 4959 1071 5016 qua
1090 4940 1240 5001 Dominus
1262 4938 1499 5017 quatriduanum
1520 4938 1684 5000 suscitavit
1704 4937 1895 4998 Lazarum.»

681 5035 977 5116 21166616636616166
999 5038 1038 5100 (16
1059 5038 1234 5116 Epiphania
1253 5059 1315 5100 non
1335 5037 1419 5099 aliud
1441 5044 1523 5110 sunt,
1555 5035 1617 5097 6161
1647 5036 1716 5097 (1166
1740 5035 1994 5114 quadragesimus
2019 5055 2038 5095 a

601 5134 713 5196 Natale
732 5136 858 5196 Domini
873 5135 968 5216 (quod
982 5156 1018 5197 eo
1033 5142 1170 5213 tempore
1184 5135 1386 5214 Theophanis
1400 5157 1418 5197 a
1433 5135 1561 5197 Graecis
1576 5135 1766 5216 vocabatur),
1780 5153 1839 5212 quo
1855 5133 1906 5195 dis
1919 5132 2037 5194 festum

601 5232 830 5295 Purificationis
850 5233 889 5296 V.
911 5234 953 5294 M.
974 5233 1067 5296 hodie
1089 5234 1183 5296 etiam
1203 5235 1340 5296 celebrat
1362 5234 1501 5297 ecclesia.
1522 5232 1592 5294 Hoc
1611 5231 1737 5310 festum,
1757 5231 1840 5310 quod
1859 5231 2037 5293 institutum

602 5349 671 5392 esse
691 5339 762 5393 ante
783 5331 939 5393 saeculum
952 5331 1093 5410 quintum
1114 5353 1133 5393 a
1146 5332 1247 5394 doctis
1261 5333 1337 5394 viris
1350 5339 1491 5412 negatur,
1504 5331 1556 5393 661
1569 5329 1601 5390 16
1615 5329 1742 5391 dubium
1752 5336 1889 5408 vocatur,
1904 5328 2037 5409 peranti-

602 5447 695 5505 quum
715 5429 942 5508 Hierosolymis
962 5428 1062 5492 fnisse
1083 5430 1286 5508 agnoscimus.
1308 5429 1480 5510 Episcopus
1501 5428 1541 5490 de
1563 5427 1720 5507 evangelii
1750 5427 1827 5507 loco,
1854 5429 1908 5490 ubi
1934 5427 2036 5488 Lucas

602 5524 681 5605 (cap.
695 5525 739 5604 H,
760 5546 789 5587 v.
811 5527 850 5585 22
872 5533 905 5587 et
924 5527 1022 5606 seqq.)
1043 5525 1285 5604 purificationem
1305 5531 1532 5602 commemorat,
1554 5523 1594 5586 ad
1613 5525 1760 5604 populum
1786 5524 2034 5587 concionabatur.
