4622 6572
827 641 872 705 pn
894 641 1071 688 ursrunns
1094 642 1139 688 ur
1162 643 1270 688 urunt
1632 607 1634 610 ’
1746 630 1765 693 5

328 857 441 932 fidem
468 858 594 950 rebus,
623 862 663 934 et
682 859 980 956 praeformatum
998 853 1008 896 ¹
1029 883 1074 936 ex
1094 883 1133 936 sa
1153 861 1193 935 id
1212 866 1300 956 qna
1326 863 1368 936 in
1396 863 1518 938 altero
1547 865 1765 958 gerebatur,

330 983 508 1057 ostendit.
529 984 623 1058 Cum
651 988 751 1061 enim
770 989 929 1062 verbum
950 987 1119 1078 factlnm)
1139 988 1191 1061 sit
1215 1010 1313 1080 caro,
1343 991 1383 1062 et
1411 987 1566 1064 ecclesia
1595 990 1766 1064 membra

329 1112 380 1184 sit
408 1110 560 1202 Christi,
590 1135 686 1208 quaa
715 1136 760 1191 ex
788 1114 909 1188 latere
937 1115 1018 1188 eius
1047 1117 1088 1186 et
1115 1137 1183 1210 per
1212 1138 1350 1209 aquam
1379 1119 1483 1206 nata,
1505 1119 1545 1189 et
1572 1115 1765 1190 vivificata

327 1255 395 1328 por
414 1237 639 1330 sanguinem
657 1237 728 1310 sit:
749 1260 975 1332 rursumque
994 1261 1093 1329 caro,
1113 1240 1151 1312 in
1173 1261 1286 1334 quam
1307 1239 1468 1312 verbum
1492 1243 1583 1314 ante
1615 1241 1766 1314 saecula

247 1437 249 1442 ,
329 1382 498 1451 mansne,
528 1362 629 1455 quod
657 1364 717 1436 est
744 1363 845 1435 filins
865 1363 947 1452 Dei,
968 1367 1104 1436 natum
1124 1365 1186 1454 sit,
1207 1385 1273 1458 per
1299 1368 1581 1440 sacramentum
1609 1369 1766 1440 maneat

328 1484 368 1558 in
395 1487 525 1574 nobis;
555 1487 729 1586 absolute
749 1487 879 1562 docuit
897 1490 937 1561 in
957 1488 1080 1563 Adam
1099 1493 1216 1584 atque
1236 1489 1356 1563 Evam
1381 1512 1490 1563 suam
1519 1494 1558 1563 et
1586 1491 1765 1565 ecclesiae

327 1611 487 1708 speciem
515 1613 712 1702 contineri,
742 1637 859 1708 quam
886 1615 1020 1688 mortis
1049 1637 1140 1689 suae
1169 1637 1301 1688 somno
1320 1605 1334 1646 ²
1351 1615 1568 1706 oimficotonc,
1598 1615 1764 1690 sanctifi-

272 1759 275 1766 ’
328 1738 453 1810 catam
483 1758 563 1812 esse
591 1737 715 1811 carnis
747 1761 839 1813 suae
871 1740 1135 1814 communione
1163 1739 1360 1836 significet.
1393 1739 1581 1835 Loquitur
1613 1763 1763 1837 quoque

325 1859 423 1932 idem
444 1883 511 1956 per
529 1863 745 1958 apostolum
764 1857 796 1936 ³:
831 1863 1053 1949 “Quoniam
1081 1864 1207 1938 Adam
1235 1887 1311 1939 non
1338 1865 1511 1960 peccavit
1533 1865 1598 1940 sed
1626 1866 1764 1940 mulier

324 2007 481 2079 peccans
508 1987 809 2083 transgressione
834 1990 838 2082 l
864 1989 950 2064 suit.
990 1989 1211 2064 Salvabitur
1247 1992 1379 2064 autem
1415 1993 1572 2086 propter
1597 1991 1808 2070 filioruma

324 2112 639 2204 procreationem,
677 2114 710 2186 si
746 2117 879 2187 tamen
916 2115 956 2187 in
994 2113 1106 2190 fidem
1145 2115 1355 2188 manserint
1378 2169 1410 2202 ,.
1449 2113 1616 2189 Ecclesia
1643 2115 1763 2210 igitur

325 2256 370 2309 ex
398 2237 610 2331 publicanis
637 2241 678 2312 et
705 2240 965 2335 peccatoribus
986 2243 1026 2313 et
1044 2239 1224 2335 gentibus
1243 2241 1313 2330 est,
1334 2239 1414 2312 solo
1434 2261 1503 2313 suo
1531 2240 1695 2314 secundo
1722 2243 1763 2313 et

325 2360 460 2454 celeste
488 2362 612 2436 Adam
630 2385 708 2437 non
726 2367 926 2460 peccante:
947 2365 1028 2460 ipsa
1047 2364 1249 2460 peccatrix,
1270 2384 1338 2459 per
1356 2363 1646 2459 generationem
1664 2363 1761 2437 filio·

323 2509 409 2558 rum
442 2487 481 2560 in
514 2487 587 2564 fide
619 2490 858 2564 manentium
887 2491 962 2564 erit
989 2491 1107 2564 salva.
1142 2487 1342 2563 Caeterum
1377 2489 1542 2584 intelligi
1579 2489 1657 2562 iam
1684 2511 1761 2562 non

324 2611 515 2702 convenit,
545 2613 646 2708 quod
674 2614 812 2688 mulier
840 2637 916 2689 non
936 2617 988 2688 sit
1007 2638 1030 2688 a
1048 2617 1203 2710 peccato
1222 2635 1291 2686 sno
1310 2612 1508 2707 redempta
1536 2635 1603 2708 per
1630 2613 1759 2686 Domi·

322 2756 435 2822 num;
465 2739 505 2810 et
532 2739 721 2832 superflue
748 2740 1022 2834 baptizabitur,
1052 2739 1083 2812 si
1112 2739 1232 2834 magis
1262 2738 1399 2812 merito
1429 2739 1561 2833 partus
1589 2737 1641 2810 sit
1668 2737 1759 2811 libe·

322 2860 462 2935 randa:
491 2863 555 2936 sed
583 2885 631 2938 ne
659 2886 726 2960 por
745 2865 867 2960 ipsam
886 2866 1039 2960 quidem
1059 2865 1225 2940 filiorum
1244 2865 1530 2962 generationem
1558 2865 1632 2939 erit
1659 2866 1759 2964 tuta,

322 3008 409 3060 curn
437 2987 544 3063 salva
571 3011 648 3063 non
676 2990 750 3082 sit,
779 2992 864 3082 nisi,
895 2992 961 3086 qui
988 2993 1109 3087 geniti
1137 2995 1242 3082 sunt,
1271 2990 1402 3066 fideles
1429 2990 1690 3086 perstiterint3
1721 2993 1761 3063 et

322 3113 447 3186 nescio
476 3136 614 3208 quae...
645 3135 729 3189 cum
758 3117 809 3189 sit
836 3117 962 3191 alieno
992 3121 1061 3192 aut
1088 3121 1243 3213 peccato
1271 3139 1376 3192 ream
1405 3117 1499 3192 effici
1526 3119 1597 3190 aut
1623 3115 1761 3190 merito

321 3237 560 3314 innocentem
574 3231 598 3314 ⁴.
621 3233 694 3315 Sed
713 3243 801 3316 tuto
821 3243 1057 3340 spiritalibus
1078 3243 1266 3339 spiritalia
1294 3244 1570 3339 comparantes,
1592 3242 1649 3315 ita
1676 3263 1760 3316 sen-

320 3363 474 3454 tiemus,
503 3366 667 3440 maxime
695 3359 940 3461 apostolum⁵
968 3371 1077 3463 gesta
1105 3369 1235 3464 magni
1263 3369 1304 3441 in
1338 3367 1460 3442 Adam
1489 3370 1604 3462 atque
1639 3365 1761 3440 Evam

321 3488 495 3584 mysterii
515 3489 655 3564 reterre
676 3483 749 3565 ea⁰
768 3491 816 3564 ad
836 3491 1029 3565 Christum
1048 3495 1165 3586 atque
1184 3491 1232 3564 ad
1252 3491 1446 3565 ecclesiam
1465 3489 1758 3585 praedicantem.

320 3611 370 3684 Et
388 3612 481 3687 haec
500 3613 654 3710 (pridem
673 3616 730 3688 ita
749 3638 817 3689 nos
838 3615 1018 3690 convenit
1032 3617 1080 3688 ab
1096 3638 1140 3689 eo
1156 3614 1381 3710 spiritaliter
1397 3613 1498 3688 dicta
1517 3613 1757 3700 existimar03

319 3740 468 3811 utnon
497 3739 622 3813 minus
651 3740 700 3813 ad
727 3743 965 3836 praesentem
995 3740 1221 3830 doctrinam,
1250 3742 1290 3814 et
1318 3739 1366 3812 ad
1385 3761 1529 3830 eorum,
1555 3760 1649 3834 quos
1678 3759 1757 3810 ruo·

318 3863 456 3955 nebat,
486 3863 770 3939 institutionem
799 3888 923 3940 sermo
952 3866 1171 3940 referendus
1208 3865 1283 3938 sit:
1313 3887 1479 3959 namque
1507 3863 1757 3957 multiplicem

317 3987 611 4062 misericordiam
641 3990 713 4064 Dei
740 3991 855 4082 inea,
876 4013 973 4086 quae
996 3991 1043 4064 ad
1063 3990 1278 4064 Corinthios
1298 3990 1421 4084 prima
1449 3991 1517 4079 est,
1547 3990 1587 4060 in
1616 3987 1755 4062 saucti-

317 4111 473 4187 ficandis
500 4136 567 4209 per
594 4093 770 4212 coniugia
796 4116 969 4190 fidelium
996 4115 1212 4189 infidelibus
1240 4113 1482 4209 praedicans:
1517 4113 1578 4186 hic
1606 4133 1756 4206 quoque

317 4260 385 4331 per
412 4241 715 4333 procreationem
743 4241 993 4331 credentium,
1022 4243 1154 4314 tamen
1182 4239 1349 4314 filiorum
1377 4237 1593 4314 istiusmodi
1615 4237 1756 4310 sancti·

316 4363 534 4438 ficationem
562 4365 693 4440 docuit
719 4367 967 4463 largiendam,
997 4368 1042 4439 ut
1061 4364 1379 4460 quemadmodum
1406 4365 1519 4436 unius
1547 4363 1668 4436 fidelis
1696 4384 1753 4436 so·

316 4487 433 4563 cietas
460 4490 657 4585 prodesset
689 4515 755 4587 per
793 4492 1009 4588 coniugium
1048 4490 1212 4578 infideli;
1251 4489 1308 4564 ita
1346 4488 1514 4563 fidelium
1541 4487 1754 4583 procreatio

314 4614 532 4694 infidelibus
560 4618 793 4694 subveniret.
815 4617 1080 4692 Contueudum
1100 4617 1216 4691 etiam
1236 4615 1333 4688 illud
1352 4615 1470 4691 estin
1489 4613 1595 4689 Adae
1622 4634 1754 4688 somno

308 4743 432 4836 atque
460 4741 565 4818 Evae
593 4742 856 4837 corporatione
877 4742 1015 4817 occulti
1036 4742 1075 4814 in
1095 4741 1244 4814 Christo
1269 4742 1309 4814 et
1327 4741 1367 4812 in
1395 4738 1552 4814 ecclesia
1579 4737 1755 4836 mysterii

315 4870 617 4957 sacramentum,
647 4869 760 4942 ineo
789 4868 889 4942 enim
918 4889 1120 4962 corporeae
1148 4865 1435 4940 resurrectionis
1463 4863 1555 4938 fides
1584 4862 1753 4938 stratio

315 4993 546 5068 continetur.
563 4992 740 5087 Namque
760 4993 799 5066 in
819 4993 1010 5068 creatione
1029 4992 1199 5066 mulieris
1218 5013 1295 5064 uon
1314 4991 1391 5064 iam
1410 4991 1524 5064 limus
1543 4989 1752 5086 adprehen-

394 5313 401 5346 ¹
418 5305 618 5385 praeformati
629 5342 670 5354 -
685 5314 696 5348 ²
712 5327 850 5369 somnum
864 5306 1085 5368 sanctificatam
1108 5341 1141 5350 -
1159 5313 1170 5345 ³
1185 5305 1273 5365 Paul.
1295 5303 1334 5366 ad
1355 5303 1488 5365 Timoth.
1508 5305 1552 5379 Π,
1575 5304 1613 5365 15
1633 5339 1674 5350 -
1693 5310 1704 5343 ⁴
1721 5309 1754 5364 et

312 5405 416 5466 nescio
444 5425 521 5483 quae
550 5425 618 5467 cum
638 5406 682 5467 sit
702 5405 801 5468 alieno
823 5412 876 5465 aut
900 5413 1024 5484 peccato
1045 5425 1131 5465 reum
1152 5403 1243 5465 effici.
1258 5409 1311 5464 eut
1324 5402 1433 5464 merito
1454 5402 1647 5464 innocentem
1668 5402 1753 5482 (post

313 5508 411 5564 nescio
433 5524 511 5582 quac
533 5501 649 5582 aliquid
671 5503 760 5566 deest
781 5539 820 5549 -
835 5512 846 5544 ⁶
862 5503 1001 5581 apostolo
1022 5539 1063 5550 -
1083 5501 1243 5563 ureferres
1265 5519 1341 5564 eam.
