4622 6572
564 593 666 672 xxmv
1191 624 1375 672 rmnrarro

564 851 697 923 sancta
723 849 840 942 etque
867 845 1105 941 intelligendi
1133 845 1372 941 scripturam,
1401 843 1519 918 animi
1543 842 1784 939 corporisque
1802 839 2002 917 fortitudi-

562 1014 663 1082 nem,
692 1013 871 1088 magnam
898 989 1061 1086 denique
1088 990 1379 1065 auctoritatem:
1400 1010 1476 1085 quo
1496 989 1697 1084 praeterea
1715 987 1887 1082 tempore
1906 983 2000 1059 Hie·

560 1138 805 1234 rosolymam,
834 1158 901 1232 per
927 1135 1147 1232 Aegyptum
1166 1139 1207 1209 et
1224 1133 1540 1229 Mesopotamiam
1560 1133 1636 1206 iter
1663 1130 1841 1227 suscepit,
1865 1131 1998 1206 aetate

561 1277 716 1369 scilicet,
744 1281 790 1351 ut
817 1276 994 1369 diximus,
1023 1276 1237 1369 Theodosii,
1266 1277 1327 1353 vel
1364 1275 1493 1373 potius
1529 1275 1630 1350 inter
1658 1296 1778 1349 annos
1807 1272 1997 1346 sel-388.

562 1423 711 1498 Nomen
729 1423 883 1495 tantum
903 1421 985 1495 eius
1004 1419 1113 1494 uobis
1132 1419 1320 1517 ignotum,
1341 1420 1443 1516 quod
1462 1441 1507 1494 ea
1526 1418 1745 1494 conditione
1769 1417 1892 1514 iisque
1918 1417 1997 1492 vir·

560 1565 712 1640 tutibus
740 1563 914 1660 praedita
941 1585 1029 1638 cum
1047 1563 1181 1660 quavis
1201 1585 1248 1636 ex
1266 1562 1342 1637 illis
1371 1563 1546 1637 omnibus
1575 1561 1800 1658 praesertim
1828 1561 1877 1635 ab
1905 1559 1996 1634 Hie·
2070 1539 2075 1547 ⁸

560 1731 720 1806 ronymo
749 1707 969 1782 memoratis
997 1708 1167 1783 conferre
1195 1730 1271 1780 non
1300 1730 1407 1803 posse
1425 1707 1590 1784 videtur.
1611 1705 1816 1782 Enimvero
1843 1705 1886 1779 in
1913 1703 1997 1801 epi·

561 1855 662 1929 stola
689 1853 832 1928 Paulae
862 1854 903 1927 et
920 1851 1116 1927 Eustochii
1134 1852 1236 1927 idem
1253 1853 1333 1948 ipse
1352 1851 1504 1926 scribit:
1530 1855 1545 1886 “
1565 1853 1794 1946 quicumque
1811 1851 1851 1923 in
1871 1848 1998 1923 Gallia

566 2053 583 2086 ,
601 1996 718 2071 fuerit
732 1995 876 2092 primus
890 1995 965 2069 huc
983 1997 1162 2092 properat
1181 2016 1220 2083 ,t
1240 1993 1305 2068 sed
1320 1997 1502 2091 cuiusque
1515 1994 1672 2068 nomina
1686 1993 1841 2067 omnino
1859 1991 1996 2081 tacuit,

560 2141 752 2215 neminem
778 2139 888 2212 nobis
914 2138 1088 2229 tradidit,
1118 2141 1235 2235 atque
1262 2161 1310 2213 ne
1339 2162 1472 2213 ansam
1501 2137 1654 2235 quidem
1674 2137 1852 2234 praebuit
1869 2134 1996 2231 inqui-

560 2281 679 2358 rendi.
710 2280 831 2368 Quidl
860 2280 955 2354 nihil
983 2281 1030 2356 de
1057 2280 1125 2354 illa
1154 2281 1306 2377 vestigii
1332 2281 1373 2354 iu
1392 2281 1517 2355 Gallia
1535 2279 1744 2356 christiana
1767 2276 1998 2372 antiquioris

560 2426 647 2501 aevi
674 2424 865 2520 attingere
893 2423 1011 2515 valui,
1039 2424 1292 2521 nequicquam
1321 2425 1439 2499 etiam
1467 2423 1661 2520 catalogos
1688 2424 1908 2497 sanctarum
1933 2419 1998 2494 vel

560 2570 822 2666 reliquiarum,
851 2591 950 2665 quae
977 2569 1018 2642 in
1046 2571 1211 2645 ecclesiis
1238 2573 1309 2644 aut
1336 2572 1376 2644 in
1405 2570 1646 2645 monasteriis
1675 2566 1821 2641 Galliae
1844 2566 1886 2639 et
1904 2563 1997 2639 Ger·

562 2713 714 2789 maniae
740 2713 1035 2804 venerabantur,
1064 2714 1218 2810 perlegi.

642 2857 758 2930 Eram
787 2857 875 2946 iam,
905 2856 1006 2952 quod
1034 2856 1239 2953 Peregrina
1266 2881 1406 2933 nornen
1434 2857 1644 2947 habuisset,
1673 2877 1738 2953 spe
1772 2855 1996 2944 destitutae,

563 3023 679 3097 quam
708 3000 749 3072 in
776 2965 947 3074 Historia
975 2999 1170 3091 Leusiaca,
1199 3002 1356 3076 auctore
1384 3000 1559 3075 Palladio
1588 3000 1763 3097 episcopo
1781 2998 1997 3093 Helenopo-

561 3143 640 3216 leos
656 3134 679 3232 ¹,
708 3142 748 3214 in
777 3139 936 3214 Silviam
964 3143 1210 3238 spectabilem
1237 3143 1445 3219 foeminam
1472 3143 1597 3234 incidi,
1627 3163 1725 3239 quae
1744 3140 1878 3216 statim
1901 3139 1998 3213 mihi

562 3287 645 3362 visa
672 3288 732 3360 eet
759 3284 809 3359 ad
836 3288 1010 3360 nostram
1036 3288 1232 3384 aptissime
1260 3309 1479 3385 congruere.
1499 3288 1631 3364 Refert
1650 3285 1855 3376 Palladius,
1875 3307 1996 3381 quum

561 3451 640 3502 una
666 3450 751 3503 cum
781 3428 889 3502 sociis
917 3428 1191 3527 Hierosolymis
1219 3429 1267 3504 ad
1287 3430 1506 3528 Aegyptum
1535 3433 1721 3526 pergeret,
1742 3452 1764 3502 a
1783 3450 1823 3503 se
1840 3429 1997 3503 beatam

562 3571 720 3648 Silviam
749 3571 936 3667 virginem
960 3573 1163 3649 deductam
1182 3596 1274 3666 esse,
1294 3596 1463 3649 sororem
1482 3573 1621 3665 Rufini,
1642 3575 1707 3671 qui
1727 3573 1804 3646 fuit
1821 3595 1868 3648 ex
1886 3591 1995 3667 prae-

562 3713 683 3790 fectis.
712 3712 861 3788 Accidit
888 3718 943 3806 ut,
973 3738 1060 3790 cum
1088 3715 1282 3790 Pelusium
1312 3717 1585 3813 pervenissent,
1614 3717 1773 3791 lubinus
1801 3715 1995 3804 diaconus

562 3859 672 3932 aestu
691 3857 937 3932 vehementer
955 3861 1162 3955 correptus,
1183 3881 1283 3953 aqua
1302 3880 1342 3933 se
1360 3858 1499 3954 frigida
1519 3859 1714 3952 abluisset,
1733 3862 1868 3957 postea
1888 3859 1995 3956 quie-

563 4001 691 4078 visset.
722 4001 841 4089 Quem
869 4002 936 4075 ubi
965 3995 1086 4078 Silvia
1114 4001 1298 4098 adspexit,
1329 4004 1530 4124 mollitiem
1548 4004 1631 4078 eius
1649 4003 1907 4099 exprobravit,
1928 4002 1995 4078 ad-

561 4145 653 4221 dens
679 4167 768 4220 eum
796 4146 974 4222 iuvenem
993 4147 1032 4220 id
1051 4168 1163 4243 agere
1192 4169 1268 4221 non
1288 4147 1420 4222 decere
1439 4151 1595 4244 propter
1616 4148 1752 4239 multa,
1772 4169 1870 4244 quae
1890 4148 1995 4221 ultro

560 4293 784 4387 sequuntur,
805 4290 955 4366 damna.
976 4290 1141 4384 Confido,
1160 4291 1317 4382 confide,
1338 4291 1475 4388 inquit,
1496 4313 1580 4367 ecce
1598 4314 1670 4387 ago
1690 4314 1834 4365 aunum
1854 4290 1995 4365 aetatis

560 4434 852 4530 sexagesimum3
865 4437 1017 4531 praeter
1031 4459 1212 4510 manuum
1228 4458 1399 4511 mearum
1412 4439 1688 4530 extremitates,
1700 4439 1741 4511 et
1754 4437 1826 4510 hoc
1836 4437 1995 4532 propter

560 4577 877 4668 communionem,
906 4578 1056 4652 nullum
1083 4601 1129 4654 ex
1157 4579 1336 4654 membris
1364 4582 1458 4654 meis
1485 4603 1624 4676 aquam
1660 4577 1996 4676 tetigitpetiamsi

560 4741 621 4794 me
649 4721 778 4795 variae
808 4722 1019 4796 invaserint
1047 4723 1327 4819 aegritudines:
1348 4727 1390 4798 et
1408 4748 1527 4820 quum
1547 4748 1570 4796 a
1590 4725 1744 4799 medicis
1763 4745 1915 4820 cogerer
1933 4724 1996 4796 uti

560 4863 709 4954 balneo,
737 4887 814 4939 non
841 4865 991 4941 indulxi
1007 4867 1113 4942 cami
1131 4869 1289 4943 reddere
1307 4868 1492 4962 debitum,
1512 4891 1589 4943 non
1609 4869 1650 4942 in
1667 4868 1767 4943 lecto
1787 4867 1994 4963 quiescens,

560 5027 637 5079 non
655 5006 830 5080 lecticam
851 5029 1008 5104 usquam
1029 5013 1180 5104 gestata
1199 5010 1424 5106 ingrediens.
1442 5013 1474 5084 Α
1493 5010 1667 5085 Palladio
1686 5011 1904 5086 doctissima
1926 5033 1992 5104 ap-

560 5145 740 5242 pelletur,
756 5146 854 5242 quod
875 5151 986 5222 tanto
1002 5149 1214 5223 doctrinam
1231 5174 1360 5225 amore
1376 5153 1571 5246 complexa
1586 5153 1648 5242 sit,
1673 5156 1715 5225 ut
1734 5155 1864 5226 noctes
1886 5151 1994 5225 uberi

642 5369 750 5444 JHist.
772 5369 864 5434 Laus.
886 5392 911 5434 e.
935 5375 1001 5434 143.
1021 5393 1135 5438 nomen
1155 5374 1311 5437 Silvuuiae
1330 5375 1455 5454 legitur,
1477 5373 1534 5436 sed
1554 5381 1690 5438 correcte
1710 5375 1743 5438 in
1763 5374 1912 5437 Paradieo
1933 5375 1994 5438 He·

561 5467 687 5532 melidis
709 5469 748 5550 (c.
768 5471 821 5552 42)
842 5471 920 5533 illud
941 5471 1067 5536 Silviae.
