4622 6572
582 771 650 816 XXX
1209 767 1392 815 PRAEFATIO

580 989 918 1066 constitutionibus
936 988 1139 1064 Theodosii
1158 1011 1258 1063 anno
1279 989 1367 1081 381,
1386 991 1426 1064 et
1445 988 1521 1062 383
1537 980 1560 1081 ¹,
1581 1012 1658 1063 una
1677 987 2016 1064 oum-Manichaeis
2063 1007 2066 1014 '

581 1135 738 1208 fuerunt
757 1133 941 1226 damnati,
961 1137 1094 1209 tamen
1122 1135 1161 1208 in
1189 1133 1385 1209 Palestina
1413 1137 1546 1230 postea
1567 1133 1712 1208 diutius
1730 1134 1927 1228 mansisse,
1946 1157 2017 1230 pu-

580 1279 687 1355 blicis
723 1279 842 1355 etiam
878 1278 1218 1375 supplicationibus
1259 1301 1299 1354 se
1336 1279 1487 1376 prodire
1522 1301 1600 1354 non
1637 1271 1909 1354 dubitabant².
1943 1278 2016 1354 Eos

579 1423 681 1499 enim
707 1423 955 1500 veneratione
982 1422 1187 1518 Peregrina
1219 1425 1422 1514 memorat,
1451 1421 1553 1518 quod
1582 1437 1759 1498 veremur
1786 1443 1834 1498 ne
1867 1421 2018 1497 lactura

579 1566 726 1660 fuisset,
755 1565 787 1640 si
805 1567 845 1640 in
863 1589 926 1642 eos
954 1564 1152 1639 damnatio
1179 1565 1308 1661 legum
1335 1566 1418 1639 lata
1444 1566 1506 1641 vel
1534 1565 1687 1662 cognita
1715 1568 1827 1640 esset.
1856 1565 2015 1640 Utcum-

580 1731 653 1807 que
667 1710 760 1784 haec
774 1731 835 1784 res
848 1731 888 1784 se
901 1709 1055 1800 habeat,
1071 1730 1157 1783 eam
1174 1708 1346 1806 profecto
1366 1710 1601 1784 vetustatem
1621 1709 1734 1805 sapit,
1750 1711 1795 1782 ut
1814 1707 2016 1783 Theodosii

580 1856 751 1928 aetatem
780 1853 933 1928 omnino
961 1856 1128 1950 nequeat
1155 1854 1376 1951 praeterire.
2039 1831 2043 1838 ⁵

661 1998 766 2086 Quae
794 1998 871 2072 alia
898 1998 1047 2073 minora
1066 2021 1147 2074 esse
1166 1997 1346 2074 videntur
1366 1998 1414 2072 ad
1433 2019 1513 2073 reru
1532 1997 1785 2093 respicientia,
1805 1991 1882 2073 non
1901 1999 2015 2073 omit·

579 2143 672 2216 tam.
702 2139 800 2228 Quid
828 2139 875 2215 de
902 2139 1102 2238 disciplina
1130 2141 1286 2215 archani
1310 2121 1488 2233 referam,
1517 2161 1615 2234 quae
1643 2142 1729 2213 tum
1756 2139 1949 2232 manebat,
1971 2144 2016 2216 ut

579 2288 799 2362 sacrosanta
827 2287 1011 2384 mysteria
1038 2285 1167 2382 palam
1193 2307 1270 2360 non
1303 2274 1605 2363 traderenturl³
1632 2249 1816 2359 Ecclesias
1848 2283 2017 2359 hieroso-

579 2430 797 2528 lymitanas,
825 2431 899 2505 nisi
926 2453 1024 2528 quae
1052 2455 1075 2504 a
1104 2429 1355 2504 Constantino
1384 2428 1545 2504 fuerunt
1573 2428 1742 2503 maximo
1777 2428 1885 2502 cultu
1912 2427 2015 2502 aedi·

580 2573 729 2667 ficatae,
757 2574 964 2672 Peregrina
1002 2576 1286 2666 commemorat,
1314 2577 1432 2671 negat
1460 2596 1523 2650 eas
1551 2574 1702 2666 vidisse,
1731 2597 1827 2670 quas
1857 2574 2016 2648 ineunte

579 2717 732 2794 saeculo
760 2717 943 2815 quintos.
963 2717 1166 2792 Mariaeet
1187 2741 1216 2791 s.
1239 2717 1431 2815 Stephano
1450 2717 1596 2792 dicatas
1620 2739 1700 2794 esse
1718 2717 1869 2793 scimus.
1890 2717 2014 2804 Quum

580 2862 775 2958 episcopus
803 2861 1164 2960 hierosolymitanus
1194 2862 1335 2958 populo
1356 2883 1448 2936 suas
1465 2861 1677 2937 catecheses
1697 2861 1924 2959 peritissime
1951 2883 2015 2936 ex·

579 3006 750 3102 plicaret,
766 3005 971 3103 aliquando
986 3006 1152 3080 maximo
1168 3005 1408 3080 audientium
1424 3005 1561 3102 plausu
1575 3007 1755 3101 exceptus
1771 3007 1855 3080 erat
1866 3027 1875 3079 ι
1888 3025 2015 3078 nonne

579 3148 656 3241 ille,
685 3117 752 3246 qui
778 3149 1036 3225 adclamantes
1073 3150 1291 3246 exprobrat,
1326 3172 1497 3226 summus
1534 3119 1755 3247 Cyrillusl⁴
1783 3148 2015 3246 Cnigraeca

580 3293 754 3368 oratione
792 3293 917 3368 utenti
954 3295 1182 3388 interpretes
1218 3296 1341 3385 erant,
1370 3293 1436 3389 qui
1470 3293 1553 3390 ejus
1581 3293 1698 3368 verba
1734 3291 1832 3389 syris
1869 3291 2016 3392 syriace

578 3435 711 3510 latinis
748 3437 869 3514 latine
905 3435 1143 3513 referebant:
1182 3436 1283 3534 quod
1320 3437 1437 3512 etiam
1466 3459 1490 3510 a
1517 3459 1546 3510 s.
1575 3435 1799 3533 Epiphanio,
1836 3435 2015 3531 quitum

578 3576 864 3677 Hierosolymas
891 3579 1065 3671 incoluit,
1085 3578 1275 3654 traditum
1294 3583 1364 3654 est.
1380 3569 1394 3612 ⁵
1411 3579 1586 3654 Italicam
1606 3601 1800 3654 sacrorum
1827 3577 2015 3652 librorum

579 3720 802 3814 versionem,
831 3744 929 3818 quae
966 3746 1012 3797 ex
1039 3697 1175 3819 graeca
1211 3723 1406 3813 manabat,
1439 3744 1557 3796 manu
1593 3723 1796 3818 animoque
1832 3713 2013 3795 versabat

580 3862 803 3959 Peregrina:
838 3864 1019 3956 nondum,
1059 3864 1212 3940 credere
1245 3865 1303 3939 fas
1330 3867 1401 3957 est,
1439 3865 1730 3963 hieronymiana
1768 3864 2013 3960 vulgabatur.

578 4007 677 4082 Acta
705 4030 735 4082 s.
763 4008 932 4084 Thomae
959 4010 1134 4107 apostoli,
1163 4012 1203 4085 et
1230 4033 1258 4084 s.
1278 4010 1438 4085 Theclae
1466 4008 1760 4107 protomartyris
1779 4031 1824 4084 eo
1843 4012 2015 4106 temporo

577 4151 618 4226 iu
645 4152 810 4228 ecclesiis
837 4153 975 4229 devote
1001 4154 1229 4251 legebantur
1246 4149 1271 4246 ⁶,
1290 4177 1389 4251 quae
1416 4155 1532 4251 paulo
1559 4158 1645 4252 post
1674 4148 1774 4229 inter
1792 4145 2012 4250 apographa

577 4296 720 4372 reiecta
742 4265 851 4373 sunt.

659 4679 669 4716 ¹
691 4679 764 4743 cod.
787 4681 902 4743 Theod.
923 4682 973 4743 tit.
994 4681 1069 4743 111.
1093 4683 1110 4742 7
1131 4691 1164 4745 et
1186 4687 1233 4745 11.
1255 4684 1285 4746 S.
1308 4684 1484 4765 Epiphanii,
1505 4685 1554 4749 De
1573 4686 1757 4749 haeresibus
1777 4708 1803 4750 c.
1827 4688 1876 4750 15.
1896 4687 1927 4749 S.
1948 4686 2010 4750 An·

578 4787 662 4859 gost.
682 4782 731 4843 De
750 4781 871 4844 haeres.
893 4803 918 4844 c.
939 4784 989 4845 40.

658 4877 739 4940 ²De
760 4877 927 4941 Theodosii
948 4872 980 4941 in
1000 4881 1175 4944 haereticos
1196 4883 1470 4946 constitutionibus
1501 4885 1579 4946 bene
1611 4885 1793 4948 observavit
1824 4885 2013 4948 Soaomenus

580 4976 677 5056 (Hist.
698 4977 719 5040 l.
740 4978 806 5040 VH
825 4999 851 5040 c.
874 4981 936 5062 12),
956 4982 1039 5059 qnod
1058 5003 1172 5061 graves
1191 5001 1310 5063 poenae
1330 4984 1369 5045 ab
1391 5003 1426 5045 eo
1447 4983 1635 5063 propositae,
1651 5005 1713 5046 non
1726 4992 1762 5046 ut
1776 4993 2010 5064 exequerentur,

579 5074 636 5136 sed
656 5075 696 5137 ad
716 5083 831 5139 metum
851 5085 971 5141 tantum
990 5081 1270 5159 promulgarentur,
1291 5087 1327 5142 nt
1348 5101 1402 5143 eos
1424 5082 1464 5143 ad
1483 5081 1667 5143 catholicam
1687 5082 1778 5145 fidem
1798 5091 1967 5148 revocaret

658 5173 670 5210 ³
691 5176 818 5256 Peregr.
840 5198 869 5257 p.
892 5179 951 5240 107
974 5179 1074 5258 «quis
1093 5179 1192 5241 adhuc
1212 5179 1417 5242 cathecumini
1432 5181 1518 5260 estis,
1533 5181 1674 5244 misteria
1691 5181 1753 5243 Dei
1767 5184 1936 5246 secretiora
1948 5182 2011 5245 diei

579 5274 669 5337 vobis
688 5295 751 5337 non
771 5284 940 5355 possunt.»

658 5373 671 5408 ⁴
691 5373 818 5452 Peregr.
839 5395 869 5454 p.
892 5376 959 5453 107,
980 5397 1010 5438 n.
1028 5379 1057 5438 4.

660 5469 820 5552 ⁵Persgr.
840 5495 871 5554 p.
893 5477 960 5554 107,
981 5475 1134 5556 Epiphan.
1155 5476 1316 5557 Expositio
1336 5477 1411 5540 fidei
1431 5499 1461 5540 n.
1482 5481 1531 5540 21.

658 5571 671 5607 ⁶
692 5570 820 5652 Peregr.
839 5593 869 5653 p.
891 5573 939 5654 64,
961 5575 1063 5635 0174.
