4622 6572
871 711 902 757 v.
926 710 973 759 nu
994 709 1183 760 masma
1641 683 1747 758 xr'xrrr

308 929 461 1026 frigore,
489 951 614 1026 neque
640 929 778 1006 itinere
806 929 964 1024 difficili,
992 952 1116 1028 neque
1144 929 1318 1026 precibus
1354 927 1558 1020 continuis,
1597 927 1746 1006 studio·

308 1095 382 1171 que
409 1073 527 1148 alacri
553 1073 710 1150 nativus
742 1075 852 1171 vigor
889 1097 1072 1171 umquam
1111 1072 1323 1150 deficiebat.
1362 1073 1506 1148 Tantos
1533 1073 1635 1148 enim
1672 1071 1746 1146 sibi

307 1216 490 1313 imposuit
516 1215 679 1308 labores,
706 1237 783 1290 non
811 1217 937 1293 solum
968 1219 1012 1292 ut
1039 1216 1234 1312 religionis
1263 1216 1344 1292 zelo
1378 1215 1572 1312 animique
1607 1214 1746 1312 pietati

308 1357 559 1451 satisfaceret,
589 1381 722 1436 rerum
751 1359 871 1434 etiam
891 1362 937 1434 ut
956 1359 1197 1436 voluminum
1224 1381 1419 1434 sacrorum
1439 1379 1570 1435 sensus
1592 1357 1744 1454 penitu's

307 1503 541 1600 intelligeret
569 1505 648 1580 sive
668 1505 838 1579 locorum
866 1505 1037 1600 ipsorum
1060 1505 1158 1596 visu,
1188 1505 1269 1580 sive
1297 1503 1506 1580 traditione
1534 1525 1580 1578 ex
1607 1502 1743 1578 auditu

306 1651 461 1724 servata
473 1638 496 1723 ¹.
517 1648 622 1736 Quae
640 1648 688 1724 de
707 1655 754 1724 s.⁸
769 1650 890 1724 Paula
908 1649 1165 1747 Hieronymus
1184 1649 1370 1747 singulari
1389 1647 1610 1745 eloquentia
1628 1647 1744 1745 scrip·

306 1793 369 1884 sit,
395 1815 472 1868 non
500 1793 711 1868 minoribus
731 1793 903 1890 procfeto
923 1815 985 1868 me
1014 1794 1060 1870 de
1088 1793 1293 1890 Peregrina
1312 1793 1438 1870 verbis
1456 1791 1516 1866 uti
1535 1794 1744 1890 oporteret.
1797 1799 1802 1820 '

385 1935 519 2032 Neque
545 1935 635 2012 huic
662 1935 797 2013 deerat
831 1939 1044 2012 auctoritas
1081 1959 1243 2026 summa,
1281 1959 1396 2033 quam
1435 1957 1564 2012 omnes
1601 1937 1746 2014 honore

306 2081 646 2176 prosequebantur.
675 2080 776 2161 Nam
803 2081 947 2157 milites
975 2104 1043 2178 pro
1072 2080 1269 2177 disciplina
1288 2103 1448 2156 romana
1467 2081 1508 2156 in
1526 2080 1746 2178 regionibus

305 2222 462 2298 infensis
482 2223 517 2298 ei
536 2223 683 2297 auxilia
703 2223 942 2320 praebebant
950 2215 975 2315 ²,
996 2224 1161 2321 episcopi
1179 2225 1311 2299 autem
1330 2224 1545 2314 civitatum,
1565 2245 1632 2321 per
1650 2244 1745 2320 quas

305 2364 502 2456 transiret,
531 2387 572 2440 se
605 2365 758 2440 obviam
785 2365 841 2441 ire
868 2366 1100 2464 comitesque
1136 2365 1219 2442 fleri
1259 2366 1520 2462 praestabant.
1549 2363 1746 2452 Quomodo

306 2507 495 2604 quaedam
523 2509 829 2584 sanctimonialis
857 2510 896 2582 in
924 2509 1061 2602 Gallia,
1081 2510 1272 2606 sacrisque
1291 2512 1388 2600 tota,
1408 2512 1454 2584 ut
1477 2511 1597 2605 patet,
1618 2508 1745 2584 dicata

305 2648 404 2726 har'rc
430 2649 471 2724 in
498 2651 646 2726 oriente
673 2651 889 2728 obtinuerit
916 2652 1222 2728 salutationeml
1251 2651 1452 2743 Quorsum,
1481 2651 1514 2727 si
1540 2653 1642 2727 tanti
1676 2652 1743 2726 ha·

304 2794 473 2886 beretur,
493 2816 580 2870 cum
598 2795 765 2892 patriam
785 2797 913 2871 animo
933 2798 1094 2893 peteret,
1110 2797 1441 2896 Constantinopoli
1460 2795 1639 2872 decedere
1666 2818 1744 2870 non

304 2935 516 3032 potuissetl
535 2935 684 3028 Nonne,
704 2941 750 3012 ut
769 2937 935 3013 Melania
954 2961 1125 3030 romana,
1145 2961 1230 3014 eam
1250 2961 1337 3013 cum
1356 2938 1503 3013 familia
1521 2938 1654 3030 nobili,
1675 2941 1745 3014 aut

306 3076 391 3152 viro
411 3077 513 3176 apud
531 3079 802 3176 imperatorem
822 3082 999 3156 versante
1019 3080 1234 3158 devinctam
1255 3103 1335 3156 esse
1355 3055 1609 3156 arbitremurl

383 3218 487 3295 Haec
513 3219 560 3295 de
588 3221 795 3318 Peregrina
822 3243 870 3296 ex
898 3224 979 3298 eius
1006 3223 1156 3320 scriptis
1183 3223 1359 3320 colligere
1388 3223 1447 3301 fas
1466 3226 1538 3314 est,
1563 3223 1741 3318 patriam,

302 3364 427 3437 vitam
453 3363 684 3461 religiosam,
713 3388 904 3442 summam
930 3367 1130 3463 pietatem,
1155 3366 1323 3442 studium
1354 3388 1440 3443 acre
1467 3366 1634 3442 adeundi
1661 3366 1743 3442 loca

383 3606 535 3687 ¹Peregr.
556 3627 587 3688 p.
607 3609 663 3669 44:
686 3608 819 3670 «Etiam
840 3615 872 3671 et
893 3609 1035 3673 omnibus
1056 3609 1174 3673 sanctis
1194 3628 1252 3673 nee
1273 3607 1392 3672 sufficio
1411 3609 1530 3689 gratiss
1551 3629 1653 3690 agere,
1669 3630 1742 3689 quo·

300 3703 383 3777 niam
402 3706 591 3786 parvitatem
610 3727 710 3769 meam
731 3705 944 3786 dignabantur
963 3707 997 3770 in
1017 3708 1083 3771 suis
1103 3707 1301 3770 monasteriis
1321 3707 1432 3769 libenti
1454 3709 1554 3770 auimo
1582 3708 1742 3788 suscipere

300 3803 353 3867 vel
372 3811 457 3868 certe
477 3825 534 3886 per
553 3805 656 3868 omnia
668 3805 738 3868 loca
750 3803 915 3884 deducere,
931 3825 1010 3885 quae
1024 3826 1083 3886 ego
1097 3806 1183 3868 iuxta
1196 3805 1367 3886 scripturas
1379 3804 1611 3884 requirebam.»
1632 3805 1670 3868 P.
1684 3808 1740 3869 46:

302 3903 375 3964 ‹Ut
393 3903 607 3985 praeviderem
627 3903 729 3966 omnia
748 3904 826 3981 loce,
848 3924 928 3983 quse
947 3904 1005 3967 filii
1026 3905 1137 3984 Israel,
1160 3912 1309 3967 exeuntes
1329 3901 1369 3966 de
1389 3901 1551 3984 Ramesse,
1571 3903 1742 3984 tetigerant

300 4007 419 4078 emtas,
440 4001 539 4064 donec
558 4001 756 4082 pervenirent
776 4021 876 4080 usquo
897 4001 937 4062 ad
957 4020 1042 4064 mare
1063 4003 1227 4064 rubrum.»
1250 4002 1287 4062 P.
1307 4003 1365 4062 47:
1388 3999 1633 4064 «ostendebant
1651 4003 1742 4066 nobis

300 4099 425 4180 singula
438 4100 515 4180 loca,
526 4120 604 4180 quae
616 4120 740 4181 semper
753 4120 811 4181 ego
826 4100 912 4162 iuxta
925 4101 1096 4180 scripturas
1106 4102 1339 4182 requirebam.»
1354 4101 1391 4165 P.
1403 4103 1460 4164 52:
1476 4101 1605 4165 «Nobis
1618 4121 1743 4183 semper

299 4198 534 4260 consuetudinis
555 4205 631 4277 erat,
651 4206 687 4260 ut
706 4199 888 4278 ubicumque
909 4199 949 4262 ad
968 4200 1037 4264 loca
1051 4200 1230 4264 desiderata
1243 4199 1390 4264 accedere
1404 4201 1593 4280 volebamus,
1607 4200 1741 4281 primum

298 4293 344 4355 ibi
363 4293 453 4358 fieret
473 4295 587 4375 oratio;
609 4295 723 4359 deinde
743 4297 907 4377 legeretur
926 4296 1020 4359 lectio
1040 4297 1111 4377 ipsa
1130 4297 1171 4360 de
1191 4297 1306 4377 codice,
1321 4296 1475 4361 diceretur
1489 4297 1583 4360 etism
1603 4297 1742 4377 psalmas

298 4409 380 4454 unas
400 4392 561 4472 pertineas
582 4393 622 4454 ad
641 4414 717 4472 rem,
740 4399 774 4457 et
793 4393 909 4456 iterato
932 4393 1023 4458 fieret
1042 4394 1180 4458 oratio.»
1201 4395 1238 4458 P.
1261 4396 1315 4458 59:
1337 4418 1355 4455 s
1367 4395 1449 4470 Quia
1467 4393 1638 4458 retinebam
1669 4395 1743 4458 sori·

298 4495 386 4569 ptum
406 4510 476 4555 esse
496 4491 674 4572 baptizasse
692 4499 834 4555 sanctum
852 4491 1023 4555 Iohannem
1043 4493 1077 4556 in
1100 4491 1192 4556 Euan
1210 4492 1298 4556 iuxta
1329 4493 1435 4572 Salim,
1462 4491 1613 4572 requisivi
1633 4493 1672 4557 de
1693 4513 1740 4571 eo,

299 4606 390 4666 quam
420 4589 512 4669 longe
543 4599 629 4653 esset
648 4591 717 4671 ipse
737 4591 861 4653 locas.»
884 4591 920 4652 P.
942 4591 982 4652 68
1009 4589 1050 4654 de
1071 4592 1216 4672 epistolis
1246 4591 1423 4654 edessenis:
1453 4614 1469 4650 e
1491 4591 1566 4654 licet
1584 4593 1618 4653 in
1638 4591 1741 4673 patria

300 4688 487 4768 exemplaria
506 4688 644 4768 ipsarum
663 4689 820 4770 haberem,
841 4696 944 4752 maren
965 4691 1087 4770 gratius
1107 4691 1184 4752 mihi
1198 4691 1301 4753 visum
1316 4697 1424 4770 est,ut
1438 4689 1528 4752 stibi
1542 4710 1596 4752 aas
1616 4689 1657 4752 de
1670 4691 1738 4770 ipso

300 4785 541 4867 acciperemus
561 4789 637 4868 quid
657 4788 788 4851 forsitan
818 4789 921 4851 minus
942 4789 982 4850 ad
1002 4809 1059 4853 uos
1079 4792 1113 4851 in
1132 4789 1235 4870 patria
1254 4789 1466 4869 peruenisset:
1494 4808 1565 4851 uam
1584 4808 1659 4852 vere
1679 4810 1739 4852 am·

298 4882 381 4963 plius
403 4891 461 4964 est,
482 4885 565 4962 quod
585 4885 636 4948 hic
656 4887 797 4966 accepi.»
818 4885 856 4947 P.
878 4887 926 4964 70,
947 4887 1079 4965 requirit
1098 4887 1137 4948 ab
1159 4885 1304 4967 episcopo
1327 4885 1490 4949 Garrarum
1511 4884 1632 4964 quando
1653 4885 1739 4950 Naar

300 4983 439 5044 venisset
459 4983 492 5044 in
511 4985 628 5064 Haran,
649 4991 682 5047 et
702 5005 763 5064 quo
783 4985 851 5048 loco
871 4987 941 5048 Hur
961 4987 1057 5048 situm
1076 4993 1171 5048 esset
1190 4985 1307 5048 Varum
1328 5005 1420 5064 quam
1434 4984 1467 5045 in
1480 4983 1578 5046 sacrm
1592 4985 1739 5064 cognitio·

300 5099 372 5142 nem
391 5081 530 5157 haberet,
552 5083 631 5146 satis
652 5083 791 5146 ostendit
811 5105 849 5148 ex
868 5085 918 5161 iis,
940 5105 1019 5164 quae
1033 5085 1073 5148 de
1087 5084 1283 5147 coerimoniis
1303 5081 1587 5162 hierosolymitanis
1602 5084 1738 5163 exponit

379 5177 534 5259 'Peregn
555 5201 584 5260 p.
605 5182 662 5242 47:
685 5182 757 5243 «Ut
777 5189 846 5244 cata
865 5183 1043 5246 mansiones
1063 5184 1252 5246 monasteria
1273 5183 1337 5244 sint
1357 5203 1426 5244 cum
1446 5182 1599 5244 militibus
1620 5190 1652 5244 et
1671 5203 1738 5263 pre-

299 5278 422 5358 positis,
443 5279 495 5357 qui
515 5299 572 5342 nos
591 5278 785 5342 deducebant
806 5301 928 5361 semper
947 5281 988 5343 de
1008 5288 1110 5344 castro
1132 5281 1172 5342 ad
1192 5289 1366 5344 castrum.»
1389 5281 1426 5342 P.
1448 5282 1504 5342 50:
1528 5281 1621 5342 «Nos
1635 5290 1739 5344 autem

299 5375 372 5439 inde
385 5377 560 5440 remisimus
574 5379 700 5458 milites,
714 5380 767 5458 qui
780 5380 870 5443 nobis
884 5400 940 5460 pro
954 5380 1119 5462 disciplina
1132 5401 1258 5442 romans
1271 5379 1385 5441 auxilia
1398 5380 1618 5461 praebuerant,
1635 5400 1737 5460 qnam·

299 5472 353 5536 diu
373 5493 429 5554 per
448 5475 518 5538 loca
536 5483 683 5556 suspecta
703 5477 1060 5542 ambulassem...
1083 5483 1116 5541 et
1136 5476 1206 5540 ideo
1227 5496 1288 5539 non
1309 5475 1371 5538 fuit
1395 5497 1525 5541 necesse
1553 5497 1666 5543 vexare
1687 5479 1740 5542 mi·

299 5572 411 5635 lites.»

1594 5707 1614 5756 t
