4604 6560
814 743 860 788 ne
883 743 978 791 noers
1001 741 1137 790 esrorrs
1630 717 1693 790 135

344 961 456 1053 (Per.)
484 953 694 1058 Memphis¹
714 985 804 1039 vero
824 963 947 1039 adhuc
965 963 1153 1060 palatium
1173 963 1354 1056 continet,
1373 962 1440 1038 ubi
1458 963 1612 1038 sanctus
1631 960 1693 1036 10-

263 1085 355 1181 eeph
381 1086 602 1183 frequenter
628 1087 926 1186 ingrediebatur.
954 1087 1119 1164 Indead
1145 1088 1353 1164 miliarium
1380 1091 1529 1164 sertum
1561 1089 1696 1163 contra

264 1209 387 1306 ripam
404 1211 570 1286 fluminis
589 1211 668 1286 Nili
687 1216 746 1288 est
763 1215 925 1289 thronus
943 1213 1065 1311 Moysi
1084 1216 1126 1288 et
1144 1213 1273 1288 Aaron
1285 1207 1299 1250 ²
1312 1237 1320 1288 :
1335 1216 1426 1288 sunt
1441 1215 1572 1288 autem
1587 1233 1696 1309 prae·

264 1335 358 1412 dicti
383 1337 513 1411 throni
539 1337 581 1412 in
607 1342 739 1414 monte
764 1340 921 1430 excelso,
940 1339 1008 1413 ubi
1026 1341 1117 1413 eunt
1134 1338 1232 1414 duae
1251 1329 1472 1429 turriculae,
1502 1359 1602 1433 quae
1629 1359 1697 1433 per

264 1460 404 1557 gradus
431 1462 615 1557 plurimos
633 1463 911 1539 ascenduntur:
932 1487 1009 1538 una
1027 1485 1161 1538 aarum
1179 1463 1317 1538 habuit
1334 1465 1493 1554 tectum,
1522 1461 1600 1536 alia
1626 1483 1697 1536 au·

264 1589 345 1660 tem
367 1585 449 1662 eine
466 1589 571 1662 tecto
588 1589 669 1662 est:
690 1587 743 1663 ibi
761 1587 989 1664 ascendebat
1006 1587 1168 1683 Moyses,
1189 1587 1341 1686 quando
1360 1587 1590 1684 loquebatur
1608 1585 1698 1660 filiis

265 1710 396 1802 Israel,
424 1733 511 1804 cum
539 1711 852 1809 deprimerentur,
880 1713 920 1786 in
944 1712 1021 1786 alia
1038 1735 1131 1787 vero
1150 1713 1298 1788 orabat.
1327 1711 1471 1788 Subtus
1498 1715 1630 1787 autem
1657 1710 1699 1784 in

265 1836 427 1913 circuitu
453 1858 610 1933 campus
637 1841 708 1929 est,
738 1837 805 1912 ubi
830 1837 900 1912 filii
918 1837 1037 1913 Israel
1055 1839 1194 1914 lateres
1213 1837 1415 1914 faciebant.
1444 1836 1538 1912 Inde
1565 1838 1698 1910 autem

267 1960 317 2037 ad
344 1961 448 2036 mille
474 1985 607 2057 passus
635 1963 728 2038 villa
755 1965 815 2037 est
842 1983 956 2057 supra
983 1962 1105 2057 ripam
1123 1961 1302 2054 fluminis,
1323 1962 1390 2036 ubi
1417 1963 1550 2036 sancta
1576 1958 1699 2038 Maria

268 2109 354 2162 cum
372 2086 535 2162 Domino
554 2086 642 2177 fuit,
662 2086 815 2182 quando
841 2086 882 2161 iu
909 2087 1103 2184 Egyptum
1126 2089 1294 2183 perrexit
1311 2077 1336 2161 ³.
1365 2086 1472 2161 Inter
1498 2085 1698 2182 Memphys
1723 2073 1725 2079 ⁸

269 2233 361 2288 vero
387 2215 428 2288 et
455 2212 669 2308 Babylonia
695 2211 803 2287 milia
820 2214 912 2287 sunt
930 2211 1140 2304 duodecim,
1161 2213 1227 2286 ubi
1249 2215 1341 2287 sunt
1367 2210 1583 2310 pyramides
1610 2211 1695 2308 plu·
1786 2305 1791 2316 ι

269 2336 399 2428 rimae
420 2359 514 2434 quas
537 2336 628 2412 feeit
645 2335 779 2432 Ioseph
795 2335 844 2410 ad
856 2337 1051 2411 frumenta
1068 2337 1306 2412 recondenda
1318 2329 1343 2408 ⁴.
1365 2335 1558 2435 Elyopolis
1577 2335 1699 2411 distat

268 2488 292 2566 a
318 2463 532 2560 Babylonia
558 2462 665 2537 milia
691 2461 889 2538 duodecim
902 2457 929 2537 ⁵.
949 2461 994 2536 In
1017 2462 1142 2537 medio
1161 2453 1293 2539 autem
1311 2463 1424 2538 huius
1442 2463 1611 2540 civitatis
1638 2463 1698 2537 est

267 2608 421 2684 campus
447 2586 591 2683 ingens,
619 2585 659 2660 iu
687 2610 761 2683 quo
789 2590 848 2662 est
866 2587 1054 2683 templum
1071 2586 1173 2677 solis,
1194 2591 1235 2664 et
1254 2587 1307 2661 ibi
1333 2590 1394 2662 est
1421 2587 1555 2662 domus
1584 2585 1694 2660 Pete·

268 2712 360 2790 fras.
388 2710 495 2784 Inter
522 2708 678 2784 domum
704 2713 833 2785 autem
860 2709 1037 2784 Peteirae
1055 2713 1096 2786 et
1114 2710 1302 2808 templum
1327 2713 1387 2787 est
1414 2710 1549 2785 domus
1576 2708 1697 2783 Asen-

268 2858 347 2912 nec.
383 2837 515 2910 Murus
551 2839 681 2910 autem
717 2835 880 2910 interior
914 2835 1018 2910 intra
1051 2835 1249 2911 civitatem
1286 2839 1346 2912 est
1373 2835 1568 2932 antiquior
1603 2834 1698 2932 lapi-

268 2961 446 3056 deusque,
473 2959 743 3034 tantummodo
770 2959 954 3057 templum
985 2982 1072 3035 cum
1099 2937 1219 3036 domo
1238 2960 1410 3037 Asennec
1434 2964 1475 3038 et
1492 2959 1695 3036 domoPe·

269 3086 368 3163 tefre
380 3077 406 3160 ⁶.
421 3085 481 3160 Ibi
493 3083 590 3163 'vero
608 3090 667 3162 est
685 3088 726 3163 et
743 3084 967 3162 viridarium
981 3086 1082 3178 solis,
1099 3087 1165 3161 ubi
1178 3086 1356 3162 columna
1371 3089 1430 3163 eet
1444 3086 1610 3183 grandis,
1625 3107 1698 3182 que

349 3417 359 3454 ¹
380 3416 501 3480 Exinde
511 3417 626 3480 Petrus
636 3417 721 3480 Diae.
736 3417 870 3481 codicem
883 3419 1072 3497 Peregrinae
1082 3419 1291 3480 tantummodo
1304 3425 1419 3494 versat,
1437 3437 1475 3482 ea
1488 3416 1608 3497 eligens
1623 3435 1701 3497 quae

269 3515 330 3578 sibi
349 3515 495 3578 videntur
514 3515 553 3577 ad
573 3515 807 3596 topographiam
827 3537 946 3578 sacram
965 3518 1130 3596 pertinere.
1152 3516 1253 3591 Quum
1274 3516 1501 3596 Alexandriam,
1516 3515 1582 3579 Nili
1601 3516 1701 3595 regio·
1755 3555 1759 3562 ·

269 3633 347 3693 nem,
358 3613 539 3677 Thebaidem
556 3633 655 3693 usque
675 3615 842 3677 lustrasset
862 3622 894 3678 et
907 3614 1135 3693 descripsisset,
1151 3614 1189 3676 ad
1210 3614 1367 3678 desertam
1383 3613 1554 3695 Memphim
1572 3615 1699 3677 rediens

269 3711 440 3789 Peregrina
459 3711 620 3791 pervenit:
643 3732 680 3774 eo
699 3713 767 3774 loco
781 3713 895 3774 Petrus
907 3712 1024 3774 desinit
1043 3712 1208 3792 compilare
1222 3712 1414 3775 itinerarium
1431 3710 1620 3791 Peregrinae
1634 3733 1702 3791 gre·

268 3807 396 3871 sissima
425 3808 598 3872 studiorum
622 3819 796 3872 nostrorum
823 3810 950 3872 iectura
973 3811 1087 3872 Utrum
1112 3810 1153 3873 ed
1180 3809 1357 3890 aegyptiam
1381 3808 1552 3891 scripturae
1577 3815 1702 3870 sanctae

268 3912 389 3985 partem
407 3905 623 3970 illustrandam
643 3927 689 3986 ee,
709 3927 788 3986 quae
808 3906 922 3986 omisit,
942 3927 1050 3988 parum
1070 3907 1211 3970 conferre
1241 3907 1409 3989 putaverit,
1430 3928 1471 3969 an
1491 3906 1607 3970 codicia
1626 3905 1703 3969 folia

269 4004 379 4066 ultima
399 4003 565 4083 defuerint,
585 4005 736 4068 incertum
757 4013 816 4068 est.

348 4101 361 4137 ¹
381 4101 494 4165 Ruinie
514 4103 632 4166 veteris
652 4104 793 4184 Aegypti
812 4103 945 4166 biblicus
964 4103 1112 4167 historias
1133 4105 1185 4168 rel
1205 4103 1326 4167 fabulas
1354 4105 1545 4186 apocryphas
1570 4123 1703 4168 accomc·

271 4201 346 4262 dere
366 4207 398 4262 et
418 4199 535 4280 fingere
563 4203 685 4264 saeculo
706 4209 817 4283 quarto
837 4203 1015 4265 institutum
1036 4222 1107 4266 sese
1127 4203 1330 4282 comperimus
1351 4202 1445 4266 etiam
1465 4221 1502 4264 ex
1521 4201 1704 4281 Peregrina·

271 4295 355 4360 tione
367 4318 398 4378 p.
413 4301 464 4361 49.

349 4393 362 4430 ⁸
381 4394 488 4457 Iesum
514 4395 546 4456 in
565 4395 745 4478 Aegyptum
764 4397 948 4476 migrantem
968 4398 1180 4479 Hermopolim
1199 4398 1369 4461 Thebaidis
1389 4397 1515 4462 venisse
1535 4397 1705 4461 credebaut

271 4492 431 4572 Aegyptii,
441 4499 477 4554 ut
497 4493 684 4557 Seaomenus
704 4495 813 4556 scribit
824 4496 877 4576 (H.
890 4496 927 4558 H.
941 4496 962 4558 l.
975 4496 1014 4559 V.
1029 4517 1054 4558 c.
1069 4499 1111 4578 2).
1125 4497 1192 4560 Hes
1205 4498 1353 4578 postulat,
1367 4504 1403 4559 ut
1421 4495 1594 4559 Bumhardi
1607 4497 1704 4559 verba

270 4589 440 4653 referamus
460 4591 627 4674 (Descript.
648 4600 749 4656 terrae
770 4614 795 4655 s.
816 4613 883 4674 cap.
903 4596 957 4675 4):
980 4589 1105 4657 (Inter
1128 4596 1340 4677 Hermopolim
1364 4603 1397 4660 et
1424 4581 1627 4658 Babiloniam'
1642 4595 1704 4658 Aa·

271 4689 359 4770 gypti
379 4690 482 4752 medio
503 4689 569 4752 fere
590 4690 657 4753 loco
679 4698 730 4754 est
749 4692 858 4754 hortus
878 4693 1027 4771 balsami;
1047 4693 1228 4772 irrigatura
1247 4694 1333 4758 fonte
1359 4714 1454 4776 parvo
1474 4694 1531 4757 sed
1551 4693 1656 4770 ubere,
1671 4693 1705 4755 in

271 4805 330 4864 quo
350 4785 434 4848 fama
453 4794 503 4850 est
522 4788 645 4850 beatam
665 4787 825 4867 Virginem
845 4809 973 4870 puerum
998 4790 1104 4852 Iesum
1130 4810 1224 4872 saepe
1252 4792 1377 4854 lavisse.
1400 4838 1407 4854 .
1430 4837 1437 4853 .
1460 4837 1467 4853 .
1496 4791 1583 4852 Haec
1603 4791 1706 4852 omniu

271 4893 457 4964 venerantur
477 4906 496 4947 a
515 4885 693 4950 christianis
715 4895 749 4949 et
768 4887 924 4950 saracenis
946 4911 973 4948 ›.

349 4985 364 5021 ⁴
384 4983 554 5063 Gregorius
574 4983 762 5048 Turonensis
774 4986 808 5047 in
820 4987 963 5048 Historia
975 4988 1162 5050 Francorum
1177 4989 1210 5070 (1.
1223 4989 1251 5063 I,
1263 5009 1288 5051 c.
1305 4992 1355 5071 10)
1371 4990 1509 5052 eamdem
1529 4987 1704 5069 opinionem

272 5090 398 5146 secutus
418 5089 487 5146 est:
510 5106 526 5141 r
547 5082 711 5145 Babilouia
725 5085 899 5166 (Aegypti),
914 5085 946 5147 in
960 5106 1021 5166 qua
1039 5087 1154 5167 Ioseph
1167 5087 1278 5150 horrea
1290 5088 1368 5150 miro
1383 5108 1474 5170 opere
1495 5085 1534 5150 de
1548 5086 1705 5167 lapidibus

272 5180 397 5259 quadris
417 5189 450 5243 et
470 5189 630 5243 coemento
651 5181 827 5246 aedificavit
848 5208 876 5245 a.

351 5278 363 5316 ⁵
383 5278 422 5340 Id
434 5279 550 5359 optime
563 5299 631 5341 cum
641 5279 804 5342 Itinerario
815 5281 965 5344 Antonini
986 5283 1160 5346 consentit:
1176 5281 1469 5345 ‹Babilonia-Heliu
1483 5304 1522 5343 m.
1544 5302 1573 5362 p.
1589 5279 1658 5343 XII
1678 5302 1707 5342 a.

350 5378 362 5414 ⁶
382 5376 491 5440 Murus
513 5377 659 5456 antiquus
680 5378 829 5457 iungebat
849 5380 942 5463 (quod
962 5383 1091 5444 verbum
1111 5381 1145 5442 in
1165 5389 1309 5443 contextu
1324 5371 1537 5460 desideratur)
1558 5380 1706 5458 templum

274 5474 351 5538 solis
376 5495 446 5538 cum
473 5475 564 5538 domo
592 5478 744 5554 Asennec,
772 5499 851 5556 quae
881 5479 913 5542 in
934 5501 1044 5560 graeca
1071 5479 1213 5542 versione
1241 5479 1332 5561 (Gen.
1362 5480 1450 5558 XLI,
1481 5481 1534 5560 45)
1566 5475 1709 5542 Aseueth

274 5572 337 5636 iilia
357 5575 531 5656 Petephrae
552 5581 585 5638 et
603 5595 680 5638 uxor
698 5575 812 5658 Ioseph
832 5587 958 5640 vocatur
979 5579 1031 5661 (cs.
1046 5578 1214 5659 losephum
1227 5577 1414 5658 Antiq.1ud.
1428 5578 1449 5639 l.
1464 5579 1508 5657 H,
1522 5598 1548 5640 c.
1563 5577 1606 5656 6).
