4604 6560
591 615 655 682 106
1081 639 1108 682 s.
1133 639 1265 684 srtvrarr
1288 639 1557 688 rrnuenrsrrro.

591 859 701 932 turas
717 847 742 949 ¹,
764 857 931 954 primum
951 881 1141 956 exponens
1168 863 1372 940 carnaliter
1384 855 1411 958 ²,
1430 867 1471 940 et
1489 865 1541 940 sic
1559 864 1655 938 illud
1672 863 1822 940 solvens
1849 867 2025 962 spiritua-

590 982 693 1057 liter.
722 982 802 1060 Nec
830 1007 906 1060 non
934 988 1053 1061 etiam
1081 992 1121 1062 et
1149 989 1195 1062 de
1222 991 1510 1083 resurrectione,
1530 992 1707 1065 similiter
1726 993 1855 1068 omnis
1885 992 1930 1066 de
1955 993 2025 1069 fide

592 1106 778 1183 docentur
804 1132 872 1206 per
900 1111 985 1186 illos
1013 1112 1093 1186 dies
1107 1105 1142 1188 ³:
1171 1115 1242 1189 hoc
1270 1119 1402 1190 autern
1420 1115 1616 1191 cathenisis
1641 1116 1871 1212 appellatur.
1900 1116 2025 1190 Etiam

591 1231 745 1328 quando
773 1234 984 1330 completae
1011 1235 1156 1312 fuerint
1183 1240 1419 1333 septimanae
1446 1240 1626 1335 quinque,
1664 1263 1688 1314 a
1725 1263 1801 1336 quo
1830 1241 2023 1333 docentur,

591 1360 686 1432 tunc
713 1359 900 1456 accipient
926 1353 1178 1437 simbolum⁴z
1207 1363 1323 1460 cuius·
1342 1362 1493 1438 simboli
1520 1365 1722 1456 rationem,
1742 1366 1923 1441 similiter
1949 1387 2025 1439 orn·

592 1483 700 1556 nium
737 1484 1013 1579 scripturarum
1048 1487 1198 1562 ratione
1234 1491 1398 1582 exponet
1430 1488 1505 1580 eis,
1538 1488 1777 1584 singulorum
1811 1511 2027 1564 sermonum

531 1603 567 1660 ⁷3
592 1608 758 1703 primum
782 1607 787 1700 l
813 1609 1029 1698 carnaliter,
1057 1616 1098 1686 et
1124 1613 1178 1687 sic
1196 1613 1470 1706 spiritualiter:
1490 1614 1548 1686 ita
1566 1617 1608 1688 et
1625 1614 1830 1689 simbolum
1851 1617 2026 1710 exponet.

593 1732 650 1807 Ac
676 1735 728 1808 sic
754 1737 824 1824 est,
841 1738 887 1809 ut
914 1737 954 1808 in
980 1735 1127 1812 hisdem
1155 1737 1246 1812 locis
1268 1760 1398 1812 omues
1417 1737 1545 1814 fideles
1572 1742 1783 1835 sequantur
1809 1741 2028 1836 scripturas,

593 1859 746 1954 quando
774 1861 957 1956 leguntur
986 1862 1026 1935 in
1054 1863 1221 1955 ecclesia,
1250 1865 1342 1959 quia
1369 1885 1500 1939 omnes
1528 1865 1713 1940 docentur
1739 1886 1809 1962 per
1835 1865 1923 1940 illos
1950 1865 2029 1940 dies

594 1987 861 2083 quadraginta,
889 1988 927 2061 id
956 1992 1016 2063 θεὴ
1043 1989 1091 2063 ab
1118 1989 1214 2064 hora
1241 1991 1364 2084 prima
1383 1990 1572 2087 usquead
1593 1990 1728 2066 horem
1745 1992 1917 2081 tertiam,
1938 2013 2028 2086 quo·

594 2112 699 2186 uiam
725 2135 793 2210 per
819 2115 898 2188 tres
925 2113 1040 2188 horas
1067 2113 1113 2188 fit
1139 2114 1359 2189 cathecisin.
1387 2114 1490 2190 Deus
1518 2119 1649 2192 autem
1668 2117 1752 2206 scit,
1772 2116 1950 2190 dominae
1974 2137 2031 2190 so-

594 2259 710 2326 reres,
744 2238 927 2333 quoniam
953 2240 1117 2312 maiores
1151 2261 1263 2316 voees
1291 2242 1383 2314 sunt
1409 2240 1592 2332 fidelium,
1628 2242 1694 2338 qui
1721 2243 1771 2316 ad
1798 2241 2030 2317 audiendum

593 2364 745 2437 intrant
770 2363 812 2436 in
840 2362 1057 2454 cathecisin,
1087 2363 1221 2455 adea,
1250 2387 1349 2461 quae
1377 2365 1558 2440 dicuntur
1590 2367 1653 2442 vel
1690 2368 1937 2464 exponuntur
1964 2387 2031 2462 per

596 2488 827 2584 episcopum,
846 2511 963 2585 quam
982 2488 1135 2584 quando
1155 2490 1274 2580 sedet,
1295 2494 1335 2566 et
1353 2490 1524 2585 predicat
1542 2491 1582 2564 in
1606 2492 1763 2566 ecclesia
1790 2491 1840 2564 ad
1867 2491 2030 2586 singula,

596 2634 694 2710 quae
722 2614 856 2688 taliter
883 2617 1137 2710 exponuntur.
1157 2614 1272 2690 Missa
1300 2618 1431 2690 autem
1458 2615 1562 2690 facta
1588 2609 1815 2691 cathacisis⁵
1834 2616 1931 2690 hora
1956 2616 2032 2688 iam

595 2737 725 2826 tertia,
754 2736 889 2810 statim
914 2736 1003 2812 inde
1030 2759 1115 2812 cum
1144 2739 1269 2834 ymnis
1298 2739 1452 2813 ducitur
1479 2738 1674 2836 episcopus
1702 2738 1752 2812 ad
1771 2739 1970 2828 Anastase,
1990 2738 2031 2810 et

596 2862 643 2936 fit
669 2861 785 2935 missa
799 2862 862 2935 ad
888 2864 1026 2939 tortia:
1046 2885 1091 2937 ac
1109 2864 1161 2938 sic
1178 2865 1303 2938 tribus
1323 2864 1426 2939 horis
1455 2864 1639 2940 docentur
1665 2864 1715 2938 ad
1743 2863 1838 2938 diem
1861 2885 1930 2958 per
1949 2883 2031 2958 sep·

596 2987 763 3060 timenus
791 2989 947 3082 septem.
976 2986 1122 3062 Octava
1149 2987 1250 3062 enirn
1269 2987 1482 3082 septimana
1500 2986 1891 3084 quadragesimarum,
1912 2984 2029 3058 idest

597 3133 696 3206 quae
724 3110 942 3206 appellatur
969 3112 1183 3207 septimana
1209 3112 1343 3202 maior,
1372 3112 1449 3186 iam
1476 3116 1592 3187 vacat
1618 3133 1682 3186 eos
1719 3111 1856 3201 doceri,
1886 3112 1933 3183 ut
1959 3109 2029 3182 im·

578 3236 776 3330 wpleantur
802 3255 860 3326 aa,
890 3257 987 3330 quae
1013 3236 1186 3330 superius
1213 3239 1315 3310 sunt.
1336 3235 1431 3310 Cum
1449 3239 1582 3310 autem
1601 3236 1677 3309 iarn
1696 3235 1923 3309 transierint
1945 3255 2028 3327 sep·

597 3365 675 3436 tem
704 3361 953 3457 septimanae,
981 3363 1137 3454 superat
1164 3360 1232 3434 illa
1259 3383 1337 3434 una
1364 3362 1577 3455 septimana
1604 3359 1803 3455 paschalis,
1827 3381 1944 3453 quam
1971 3357 2033 3432 hic

597 3487 793 3583 appellant
820 3485 1033 3583 septimana
1061 3486 1194 3558 maior.
1222 3485 1305 3558 Iarn
1341 3487 1434 3558 tunc
1469 3483 1577 3559 venit
1613 3483 1810 3579 episcopus
1845 3503 1957 3556 mane
1994 3481 2034 3554 in

597 3612 753 3689 ecclesia
780 3613 926 3686 maiore
953 3609 1002 3684 ad
1028 3609 1272 3704 Martyrium,
1300 3612 1404 3684 retro
1431 3608 1473 3682 in
1500 3607 1632 3682 absida
1659 3611 1747 3704 post
1765 3605 1950 3680 altarium
1967 3627 2034 3701 po·

679 3908 689 3944 ¹
704 3906 792 3970 Idem
811 3927 868 3970 nos
889 3905 979 3969 docet
1000 3905 1030 3967 S.
1044 3904 1264 3984 Hieronymus,
1278 3904 1371 3982 Epist
1389 3903 1468 3964 LXI
1480 3902 1521 3964 ad
1540 3900 1787 3991 Pammachium:
1811 3897 2037 3961 «Consuetudo

599 4017 703 4072 autern
724 4005 806 4087 apud
825 4025 883 4067 nos
905 4004 1107 4085 (Palestinae)
1128 4002 1306 4064 istiusmodi
1325 4007 1383 4080 est,
1398 4009 1433 4062 ut
1453 4002 1502 4080 iis,
1517 4001 1570 4080 qui
1589 3999 1769 4080 baptizandi
1789 4005 1872 4076 sunt,
1893 4017 1950 4078 per
1970 4016 2039 4075 qua·

600 4109 744 4187 draginta
765 4106 832 4168 dies
852 4105 975 4184 publice
994 4102 1152 4165 tradamus
1173 4108 1311 4162 sanctam
1332 4109 1364 4164 et
1384 4101 1571 4163 adorandam
1591 4099 1817 4160 Trlnitatem›.

679 4205 887 4283 'Carmeliten
908 4202 948 4265 ad
968 4203 1114 4279 litteram,
1135 4200 1170 4260 id
1190 4205 1239 4260 est
1259 4219 1352 4260 sensu
1372 4198 1529 4260 historico.

679 4303 737 4366 ³8.
759 4302 866 4382 Oyrill.
887 4299 1046 4363 Procath:
1070 4297 1216 4360 «Audire
1236 4302 1359 4377 oportet
1378 4295 1418 4358 de
1438 4295 1506 4357 Deo
1534 4295 1670 4373 virente,
1691 4293 1798 4355 audire
1828 4311 1905 4372 opus
1928 4297 1978 4352 est
1998 4288 2038 4351 do

601 4403 735 4482 Christo,
756 4401 864 4464 audire
883 4419 1011 4461 necesse
1033 4406 1083 4461 est
1103 4399 1142 4459 de
1162 4395 1388 4458 resurrectione
1401 4419 1429 4456 ε.

678 4504 693 4539 ⁴
706 4502 807 4576 Quale
822 4499 1016 4579 symbolum?
1029 4517 1091 4558 non
1104 4496 1284 4568 Nicaonurn,
1300 4494 1357 4554 sed
1367 4491 1697 4572 Hierosolymitanum;
1710 4508 1781 4550 nam
1793 4487 1918 4550 saeculo
1929 4492 2039 4565 quarto

601 4623 663 4664 non
683 4619 787 4663 omnes
802 4598 951 4661 ecclesiae
966 4594 1142 4672 orientales,
1157 4593 1240 4655 inter
1253 4611 1328 4670 quas
1341 4590 1625 4668 hierosolymitana,
1640 4587 1813 4650 Nicaenum
1833 4585 2041 4647 adhibuerunt
2133 4601 2136 4610 ·

603 4699 705 4783 (Lupi,
726 4699 798 4760 cnr.
820 4695 944 4758 Scholia
963 4695 996 4755 in
1017 4694 1121 4772 Symb.
1144 4691 1211 4754 Nic.
1233 4711 1298 4769 cap.
1319 4689 1367 4751 IV
1388 4695 1420 4750 et
1440 4687 1492 4768 V).
1515 4689 1563 4749 De
1583 4706 1642 4765 quo
1663 4682 1803 4766 symbolo
1831 4683 2041 4746 eruditissime

603 4798 752 4859 disseruit
771 4795 903 4856 Touttte
923 4793 956 4853 in
977 4792 1008 4853 S.
1031 4789 1141 4871 cyrilli
1162 4809 1256 4868 opera
1274 4810 1305 4868 p.
1328 4788 1366 4848 79
1386 4794 1418 4849 et
1432 4805 1517 4862 seqq.
1533 4785 1752 4863 Competantes
1770 4782 1946 4860 symbolum
1967 4779 2042 4842 acci·

603 4895 730 4974 piabant
750 4911 789 4953 ex
810 4911 863 4953 ore
884 4890 1036 4969 episcopi,
1057 4887 1282 4964 memoriaeque
1302 4883 1497 4946 mandabant.
1519 4883 1550 4944 S.
1566 4882 1704 4960 Gyrillus
1724 4881 1757 4941 in
1776 4878 1990 4960 proeatechesi
2011 4884 2043 4938 et

604 4991 636 5051 in
656 4988 869 5051 catechesibus
890 4987 967 5049 haec
986 4993 1100 5063 monet,
1121 5005 1250 5064 quorum
1270 4982 1409 5045 meminit
1430 4988 1462 5043 et
1483 4979 1514 5040 S.
1535 4978 1745 5058 Augustinus:
1768 4976 1942 5056 «Accipite
1963 4997 2043 5055 sym-

605 5088 719 5165 bolum,
741 5092 862 5149 etcum
882 5085 1064 5165 acceperitis
1085 5085 1117 5145 in
1138 5083 1283 5144 cordibus
1304 5081 1439 5143 scribite.
1461 5078 1641 5157 Symbolum
1665 5097 1754 5138 nemo
1778 5077 1898 5154 scribit,
1920 5081 1957 5134 ut
1977 5073 2042 5152 legi

606 5185 720 5265 possit;
742 5186 799 5247 sed
820 5184 859 5244 ad
879 5184 1111 5258 recensendum,
1132 5201 1172 5242 ne
1193 5179 1274 5241 forte
1296 5179 1399 5241 deleat
1413 5177 1537 5255 oblivio,
1551 5176 1633 5255 quod
1654 5174 1785 5236 tradidit
1806 5174 1980 5252 diligentia,
2001 5172 2043 5232 sit

606 5281 696 5344 vobis
717 5281 813 5342 codex
831 5286 938 5340 restra
957 5280 1143 5341 memoria».

686 5377 750 5440 ⁵Id
771 5383 820 5439 est
839 5377 991 5458 completa
1011 5375 1166 5441 catechesi
1187 5381 1219 5436 et
1240 5373 1378 5466 dimissis
1398 5370 1625 5434 cathecumenis
1643 5373 1718 5433 hora
1737 5367 1842 5433 tertia.
