4622 6572
555 680 601 740 VI.
623 681 669 726 DE
690 679 789 726 emer
812 678 947 726 nucem
968 679 1068 726 nmso
1091 697 1106 711 ·
1127 680 1173 725 DE
1195 679 1286 726 nome
1309 677 1443 726 sallone
1466 695 1480 710 ·
1622 681 1736 730 mvn

298 899 597 996 regrinationem
634 899 965 997 Constantinopoli
1003 899 1229 975 immoratae
1257 903 1298 975 et
1329 901 1525 975 retentae:
1563 899 1734 975 studium

298 1066 492 1120 sacrorum
510 1044 697 1120 librorum
716 1045 856 1120 acriter
875 1045 1061 1121 colentes:
1091 1067 1220 1120 omnes
1239 1044 1388 1120 labores
1407 1045 1600 1142 religionis
1621 1067 1736 1120 causa

299 1187 529 1264 sustinentes
566 1191 606 1263 ot
638 1188 906 1286 despicientes:
944 1188 1150 1284 Peregrina
1187 1209 1343 1284 corpore
1381 1186 1627 1278 validissimo,
1665 1207 1735 1261 neo

300 1333 424 1408 minus
453 1331 572 1408 Silvia
599 1354 707 1407 soror
733 1331 873 1422 Rufini,
903 1333 969 1429 qui
998 1336 1038 1407 et
1057 1331 1203 1408 viribus
1221 1330 1460 1406 firmissimus
1478 1322 1734 1406 habebatur¹.

300 1476 396 1565 Quid
424 1476 586 1573 denique
613 1477 754 1549 mirum
782 1475 815 1548 si
842 1497 992 1550 summa
1011 1475 1051 1549 in
1070 1475 1275 1572 provinciis
1302 1474 1554 1549 orientalibus
1581 1473 1734 1569 utrique

299 1620 510 1694 auctoritas
529 1617 629 1693 fuiti
650 1617 785 1694 Omnia
807 1617 907 1692 sicut
925 1640 946 1693 e
965 1618 1134 1694 tenebris
1155 1616 1203 1691 ad
1222 1618 1344 1692 lucem
1365 1617 1617 1710 deducuntur,
1635 1639 1735 1693 com·

298 1764 498 1864 paratione
526 1763 768 1840 confirmata:
797 1765 1047 1861 quamobrem
1074 1785 1154 1854 nos,
1185 1763 1217 1838 si
1245 1763 1502 1860 Peregrinam,
1540 1786 1639 1860 quae
1674 1765 1737 1839 iti-

298 1928 392 1981 nera
410 1929 480 1980 sua
498 1905 647 2003 scriptis
666 1907 916 2002 consignavit,
938 1929 967 1980 s.
988 1904 1147 1981 Silviam
1166 1905 1282 1980 fuisse
1301 1905 1507 1996 fateamur,
1532 1905 1564 1980 si
1583 1909 1735 2002 tempus

297 2049 613 2146 peregrinationis
633 2049 735 2125 inter
754 2071 875 2124 annos
895 2048 1070 2123 385-388
1091 2049 1154 2126 vel
1173 2049 1572 2142 circiter'statuamus,
1592 2049 1737 2124 nemini

299 2195 338 2268 in
367 2215 494 2270 errore
521 2195 667 2270 uersari
693 2195 920 2272 videbimur.

989 2625 1053 2702 VI.

410 2906 470 2975 DE
496 2905 636 2976 PETRI
662 2905 867 2976 DIACONI
893 2905 1036 2977 LIBRO
1053 2943 1098 2956 -
1115 2906 1175 2975 DE
1200 2903 1339 2974 LOCIS
1365 2903 1565 2975 SANCTIS
1583 2943 1626 2954 -

379 3197 523 3274 Studiis
551 3201 805 3298 geographiae
834 3223 962 3278 sacrae
983 3205 1025 3276 et
1042 3201 1223 3298 liturgiae
1252 3221 1405 3296 operam
1434 3196 1543 3272 danti
1560 3219 1618 3290 oa,
1638 3217 1736 3294 quae

298 3341 455 3416 uberius
481 3363 528 3418 ox
555 3343 867 3441 Peregrinatione
899 3344 1046 3419 hauriri
1074 3346 1232 3443 possint,
1270 3343 1436 3418 libenter
1463 3342 1734 3439 relinquimus:

298 3487 331 3562 si
359 3486 459 3562 enim
490 3489 607 3564 etiam
634 3489 733 3564 hanc
750 3492 902 3586 partem
920 3490 1141 3587 perquirere
1160 3489 1335 3582 velimus,
1355 3509 1534 3563 veremur
1552 3509 1600 3564 ne
1619 3487 1737 3562 simus

211 3679 213 3683 -
299 3631 423 3706 certos
450 3631 565 3706 huius
593 3632 843 3728 praefationis
871 3632 966 3708 fines
995 3633 1324 3730 praetergressuri.
1355 3634 1401 3708 In
1427 3633 1541 3726 notis,
1577 3633 1622 3706 ut
1648 3653 1736 3706 con-

297 3797 437 3872 gruum
465 3775 680 3868 videbatur,
709 3777 895 3852 nonnulla
922 3777 1129 3874 posuimus,
1159 3777 1297 3872 quibus
1326 3775 1551 3872 praesertim
1587 3773 1737 3871 antiqui

297 3918 480 4016 temporis
507 3922 602 3994 nota
636 3919 941 3996 confirmaretur.
980 3921 1185 4017 Reliquum
1214 3922 1345 3996 estut
1373 3920 1419 3995 de
1446 3919 1553 3995 Petri
1579 3919 1738 3994 Diaooni

296 4063 408 4155 libro,
437 4085 552 4160 quem
570 4063 824 4160 inscripsit-
844 4065 899 4140 De
918 4065 1009 4140 locis
1031 4064 1238 4139 sanctis-
1258 4064 1380 4160 deque
1406 4064 1574 4140 editione
1592 4066 1736 4155 nostra,

298 4207 405 4283 cuius
424 4207 728 4305 oportunitatem
756 4209 929 4306 superius
957 4207 1319 4301 demonstravimus,
1347 4209 1538 4306 paulisper
1565 4231 1734 4306 agamus.

377 4351 415 4426 Is
443 4352 650 4428 monachus
677 4351 754 4426 fuit
781 4375 850 4427 suo
877 4354 1050 4448 tempore
1082 4351 1229 4446 doctus,
1267 4353 1484 4450 litterisque
1511 4353 1667 4428 vacarit
1696 4354 1737 4428 et

298 4495 413 4572 saeris
441 4499 482 4572 et
508 4495 719 4572 historicis:
749 4495 953 4592 omnigena
980 4495 1131 4591 scripsit
1158 4518 1245 4571 cum
1272 4497 1463 4595 rythmica
1496 4499 1581 4572 tum
1608 4495 1737 4572 soluta

299 4643 484 4734 oratione,
504 4663 550 4718 ex
569 4640 707 4737 quibus
724 4641 850 4714 multa
869 4644 1086 4736 supersunt.
1107 4640 1249 4716 Montis
1270 4641 1395 4717 Casini
1422 4641 1735 4716 bibliothecarius

298 4790 432 4880 bonus,
461 4786 606 4863 codices
626 4789 667 4862 et
684 4787 944 4860 instrumenta
972 4785 1080 4884 legit,
1110 4786 1309 4884 disposuit,
1336 4790 1453 4883 atque
1470 4785 1735 4884 transumpsit,

299 4933 393 5008 adeo
420 4935 467 5006 ut
485 4932 531 5006 de
549 4931 712 5005 historia
735 4931 965 5029 juribusque
995 4931 1221 5006 monasterii
1248 4931 1422 5006 suibene
1442 4929 1603 5006 meritus
1623 4930 1737 5007 habe·

297 5079 416 5153 retur.
447 5075 584 5150 Variae
621 5075 776 5171 quidem
803 5075 851 5150 ad
880 5075 1121 5150 scribendum
1149 5097 1237 5150 eum
1265 5095 1401 5150 causae
1428 5077 1645 5168 moverunt,
1670 5096 1738 5149 our

298 5221 468 5295 locorum
496 5223 714 5293 sanctorum
742 5217 1033 5314 descriptionem
1060 5217 1255 5294 monachis
1283 5217 1535 5315 proposuerit.
1564 5217 1736 5292 Primum

380 5535 453 5598 ¹De
473 5532 584 5597 Rufino
604 5531 762 5615 praefecto
785 5531 924 5596 Orientis
945 5531 1018 5594 vide
1038 5531 1209 5594 Tillemont
1226 5531 1261 5593 in
1280 5531 1424 5595 Arcadio.
