4622 6572
761 677 806 722 nr.
831 675 877 720 mr
898 668 1187 719 rmnoamnrronu
1628 659 1695 706 m

256 901 308 977 sit
334 900 482 992 Moises,
512 901 571 973 est
599 899 717 972 stiam
744 893 1085 970 adnumerandum.
1107 890 1283 965 Treiecto
1302 887 1466 964 Iordane
1492 885 1692 963 Liviadem

257 1041 415 1137 accedit,
444 1047 578 1142 postea
605 1063 786 1118 cacumen
813 1039 952 1115 Nabau
990 1037 1130 1134 adepta
1159 1037 1230 1111 est.
1260 1033 1340 1120 Quo
1379 1033 1461 1107 loco
1499 1031 1694 1108 Palestina

258 1191 380 1266 omnis
407 1188 619 1279 visebatur,
649 1189 690 1261 et
716 1183 820 1282 regio
849 1184 941 1258 olim
960 1180 1271 1269 Amorrheorum,
1291 1179 1332 1252 et
1350 1175 1468 1273 Segor
1486 1199 1564 1250 non
1581 1176 1695 1273 longe

256 1336 394 1433 posita,
415 1333 523 1409 cuius
550 1333 747 1429 episcopus
774 1353 815 1406 se
842 1328 928 1428 piae
955 1326 1110 1402 mulieri
1137 1323 1316 1400 comitem
1344 1321 1585 1396 adiunxerat.

337 1475 506 1572 Septimo
526 1475 656 1549 itineri
674 1495 714 1546 se
734 1471 925 1547 commisit
943 1470 992 1544 ad
1012 1465 1212 1544 colendum
1232 1465 1448 1562 sepulcrum
1467 1463 1535 1538 Iob
1548 1455 1572 1556 ¹,
1592 1465 1693 1560 quod

256 1622 296 1694 in
324 1619 407 1695 vico
435 1618 614 1693 Garnaim
642 1619 832 1692 extremae
861 1615 1080 1688 Batanaeae
1117 1632 1199 1686 esse
1237 1609 1461 1707 putabatur.
1490 1608 1692 1683 Iordanem

255 1784 341 1838 cum
370 1761 600 1852 advenisset,
628 1763 784 1858 propter
821 1758 966 1832 flumen
998 1757 1201 1851 aliquanto
1228 1752 1507 1842 ambulaverat,
1537 1775 1622 1827 cum
1652 1752 1691 1826 in

256 1907 430 1982 colliculo
459 1905 585 1980 Salem
613 1907 741 1981 vicum
770 1902 976 2000 prospexit,
1005 1899 1072 1996 qui
1098 1899 1194 1973 olim
1211 1898 1288 1972 fuit
1306 1897 1442 1973 civitas
1462 1919 1582 1995 parva
1600 1893 1694 1971 Mel·

256 2050 463 2126 chisedech.
493 2049 581 2125 Non
608 2050 720 2144 louge
750 2047 947 2124 orations
975 2046 1096 2136 Enon,
1125 2046 1165 2118 in
1184 2066 1259 2140 quo
1280 2041 1493 2140 baptizavit
1517 2041 1690 2115 Ioannes.

255 2193 335 2290 Ego
363 2215 456 2270 vero
483 2215 619 2290 anceps
648 2216 733 2266 sum
754 2194 886 2264 utrum
904 2191 944 2263 in
963 2187 1099 2265 dextra
1117 2186 1292 2261 Iordanis
1312 2189 1434 2282 perte,
1454 2205 1505 2258 an
1523 2183 1564 2257 in
1582 2183 1695 2258 laeva

255 2338 308 2412 sit
334 2341 376 2412 et
403 2337 488 2412 fons
516 2337 636 2430 Enon,
657 2340 697 2412 et
725 2336 863 2426 Salem,
883 2333 1126 2430 fluminisque
1146 2329 1285 2406 Corrae
1313 2329 1437 2421 vallis,
1458 2350 1574 2425 quam
1592 2348 1692 2403 com·

257 2483 458 2573 memorat,
487 2481 708 2556 statuenda.
730 2480 768 2554 Si
795 2481 946 2556 laevam
974 2479 1083 2576 elegi,
1113 2483 1154 2554 et
1168 2453 1368 2576 lliuaedam
1396 2475 1446 2550 ad
1472 2497 1553 2552 rem
1578 2497 1690 2570 argu·

257 2626 388 2700 menta
415 2623 571 2720 protuli,
600 2627 732 2698 tamen
759 2623 856 2697 nihil
884 2622 1089 2699 adfirmare
1115 2621 1253 2697 ausim.
1282 2619 1343 2694 Ad
1371 2617 1586 2716 sepulcrum
1624 2615 1691 2690 Iob

256 2765 471 2842 fabulosam
508 2767 675 2863 corporis
712 2765 976 2841 inventionem
1012 2765 1272 2862 abepiscopo
1313 2761 1490 2838 Gamaim
1529 2760 1692 2849 audivit,

256 2911 364 2987 cuius
392 2933 414 2987 e
441 2911 618 2985 manibus
645 2911 765 2985 etiam
792 2910 923 2986 divina
950 2909 1116 3008 suscepit
1143 2910 1394 2985 sacramenta.

336 3057 473 3132 Tribus
501 3057 611 3132 annis
628 3056 789 3153 expletis
808 3055 1125 3154 peregrinationis
1154 3076 1259 3146 suae,
1289 3053 1379 3131 visis
1407 3052 1584 3128 omnibus
1601 3048 1713 3125 locis·

256 3203 408 3295 sanctis,
438 3225 520 3278 earn
551 3202 780 3277 desiderium
807 3201 956 3298 patriae
984 3200 1180 3277 sollicitat.
1209 3200 1516 3298 Hierosolymam
1538 3198 1693 3294 linquit,

256 3346 323 3422 sed
350 3347 426 3422 iter
452 3347 493 3421 in
521 3347 847 3442 Mesopotamiam,
875 3345 924 3421 ad
964 3345 1169 3421 monachos
1208 3349 1358 3421 sanctos
1387 3349 1427 3420 et
1460 3368 1490 3421 s.
1523 3347 1694 3420 Thomas

258 3491 421 3587 apostoli
435 3491 666 3588 martyrium
685 3489 939 3581 invisendum,
959 3491 1073 3566 corde
1091 3489 1303 3566 meditatur
1312 3481 1335 3566 ².
1357 3490 1432 3565 Ubi
1449 3513 1539 3587 ergo
1560 3490 1693 3566 Antio·

258 3637 383 3711 chiam
410 3635 580 3726 accessit,
609 3635 743 3731 pedem
769 3635 889 3710 vertit
916 3635 964 3708 ad
993 3634 1131 3710 Coelen
1158 3633 1320 3732 Syriam,
1345 3636 1433 3710 inde
1452 3635 1501 3711 ad
1519 3633 1691 3731 Euphra·

258 3781 405 3856 tensam
432 3779 679 3875 provinciam,
709 3777 816 3853 ouius
844 3779 1078 3874 metropolis,
1107 3803 1223 3876 quam
1250 3779 1360 3871 vidit,
1389 3781 1466 3854 fuit
1492 3779 1693 3876 Ierapolis:

259 3945 386 4018 aqua
414 3921 628 4018 quindecim
666 3922 834 3996 millibus
871 3945 1053 4017 passuum
1090 3923 1261 3998 distabat
1286 3923 1430 4001 flumen
1466 3923 1692 4020 Euphrates.

260 4065 341 4152 Quo
369 4064 532 4140 navibus
559 4068 839 4164 praetergresso
858 4065 1031 4142 Bathnae
1051 4066 1265 4178 Osdroenae
1283 4067 1470 4165 pervenit,
1490 4068 1598 4142 cuius
1615 4069 1694 4162 epi·

258 4231 372 4305 sopus
390 4208 467 4282 fuit
490 4210 698 4284 monachus
717 4212 758 4284 ot
775 4210 978 4303 confessor,
999 4214 1132 4307 postea
1151 4211 1314 4288 Edessae
1332 4213 1461 4288 triduo
1480 4211 1655 4287 subsistit
1668 4204 1694 4289 ³.

258 4353 316 4428 Ibi
343 4351 456 4428 factis
480 4353 717 4428 orationibus
743 4355 784 4429 in
812 4377 913 4431 nova
940 4357 981 4430 et
1007 4357 1264 4452 pulcherrima
1281 4357 1439 4432 ecclesia
1458 4359 1499 4432 et
1518 4356 1567 4431 ad
1593 4380 1694 4432 mar·

257 4497 405 4595 tyrium
432 4519 461 4572 s.
491 4496 671 4589 Thomas,
700 4521 785 4573 eam
812 4498 1007 4596 episcopus
1045 4499 1165 4575 etiam
1198 4499 1390 4576 confessor
1416 4499 1504 4576 fidei
1532 4501 1696 4576 libenter

260 4612 371 4715 duxit
398 4641 447 4715 ad
473 4641 638 4722 ridenda
665 4642 811 4737 palatia
838 4645 879 4718 et
906 4643 1044 4719 lontes¹
1060 4647 1100 4720 et
1127 4631 1378 4721 monumenta
1405 4645 1549 4742 nugari
1581 4648 1693 4741 regis,

260 4783 417 4881 eiusque
444 4783 626 4859 familiae:
656 4783 793 4860 deinde
822 4787 1073 4883 cupidissimis
1102 4788 1205 4866 illius
1232 4790 1351 4866 oculis
1388 4789 1542 4880 subiicit
1568 4814 1693 4890 perce·

341 5131 494 5212 ¹Peregr.
515 5153 545 5214 p.
567 5135 667 5198 5662.

339 5230 495 5312 ’Perega
516 5253 548 5314 p.
568 5235 621 5295 62:
647 5234 752 5298 ‹Gnm
773 5237 834 5300 iam
848 5243 914 5300 tres
928 5238 1105 5319 annilpleni
1126 5250 1241 5324 essent,
1256 5265 1348 5326 aquo
1362 5247 1576 5313 Ierusolimam
1596 5254 1696 5318 venis·

259 5349 344 5394 sem:
365 5331 443 5394 visis
463 5331 557 5395 etiam
578 5333 719 5396 omnibus
738 5335 817 5398 locis
838 5337 965 5415 sanetis,
986 5337 1027 5400 ad
1048 5359 1126 5419 quos
1146 5343 1294 5406 orationis
1321 5347 1423 5425 gratia
1445 5368 1495 5411 me
1516 5349 1676 5414 tenderem

259 5436 294 5491 ot
312 5427 383 5492 ideo
403 5430 466 5491 iam
485 5430 662 5493 revertendi
682 5431 723 5493 ad
743 5435 877 5513 patriam
898 5437 1017 5500 animus
1038 5447 1161 5504 asset.»

340 5527 494 5609 ³Peregr.
515 5550 545 5609 p,
568 5531 667 5592 6368.

1555 5681 1588 5730 lv
