4622 6572
569 593 613 658 24
1196 613 1223 658 s.
1247 613 1375 658 urrann

569 853 701 906 norem
738 831 1011 906 demutationis
1046 831 1282 928 impertiens;
1312 835 1357 906 ut
1385 832 1554 927 quinon
1587 833 1750 929 populus
1782 855 1874 907 suus
1902 835 2000 924 erat,

569 958 731 1054 populus
760 980 851 1031 suus
879 957 947 1045 sit;
974 959 1133 1052 atquae
1160 979 1237 1031 non
1264 960 1361 1048 eret,
1391 957 1531 1030 dilecta
1549 958 1611 1031 sit.
1641 957 1759 1032 lsrael
1778 981 1943 1053 namque
1961 958 2002 1030 in

570 1083 765 1156 Abraham
785 1085 895 1176 patre
914 1105 982 1156 suo
1011 1083 1152 1158 electus
1172 1104 1218 1156 ex
1245 1083 1423 1180 gentibus
1452 1086 1521 1173 est,
1543 1086 1588 1156 ut
1615 1084 1656 1156 iu
1683 1085 1838 1179 psalmis
1858 1084 2004 1158 dictum

570 1210 628 1282 est
647 1198 679 1280 ¹:
724 1207 906 1280 “Domus
935 1207 1046 1282 Iacob
1076 1208 1122 1282 de
1149 1210 1289 1304 populo
1318 1209 1481 1282 barbaro
1506 1265 1538 1296 „.
1579 1207 1649 1283 Sed
1679 1212 1842 1304 peccatis
1869 1211 2006 1283 immo·

570 1354 671 1423 ranS,
692 1334 732 1405 et
750 1331 859 1406 vanis
887 1333 1134 1428 religionibus
1162 1334 1325 1424 deditus,
1346 1337 1385 1408 et
1413 1334 1605 1430 promissis
1625 1334 1709 1410 Dei.
1725 1334 1897 1424 infidelis,
1918 1357 2004 1432 pro·

571 1458 773 1533 missorum
801 1457 957 1532 effectus
992 1479 1124 1552 capere
1152 1481 1229 1532 non
1266 1459 1419 1550 meruit,
1455 1462 1496 1532 et
1532 1451 1670 1554 prior²
1698 1461 1842 1534 electus
1870 1460 1911 1533 in
1938 1459 2009 1533 Dei

570 1585 754 1682 populum
780 1583 965 1657 honorem
993 1584 1188 1658 electionis
1218 1584 1358 1658 amisit.
1388 1584 1553 1659 Tacatur
1572 1585 1673 1658 enim
1693 1585 1739 1660 de
1758 1585 1876 1660 lsrael
1902 1585 2007 1680 prius

572 1731 619 1784 ex
646 1701 881 1782 fornicaria⁸
909 1706 1023 1798 edita
1054 1711 1095 1782 et
1122 1708 1245 1781 omnis
1281 1707 1328 1782 da
1356 1711 1489 1802 postea
1517 1708 1656 1802 genitis
1685 1709 1755 1784 Dei
1783 1730 1907 1782 sermo
1937 1711 2007 1799 est,

571 1833 724 1908 relectis
751 1834 867 1907 antea
894 1835 934 1906 et
953 1834 1000 1906 ab
1020 1833 1156 1907 effectu
1176 1855 1219 1907 ac
1246 1834 1481 1927 proprietate
1500 1835 1714 1924 summotis,
1734 1837 1837 1907 natis
1857 1835 1907 1908 ad
1931 1855 2008 1908 non

573 1958 817 2054 diligendum,
844 1958 983 2054 genitis
1012 1957 1061 2031 ad
1079 1980 1156 2032 non
1183 1959 1390 2033 utendum:
1411 1958 1476 2032 sed
1503 1960 1671 2053 primum
1693 1959 1939 2034 fornicariam
1968 1962 2010 2033 in

572 2102 747 2180 sponsam
775 2083 855 2158 Deo
884 2082 972 2156 fidei
999 2086 1039 2157 et
1065 2083 1238 2158 iustitiae
1266 2083 1404 2159 electa:
1434 2085 1569 2158 dehinc
1587 2085 1653 2179 qui
1673 2106 1750 2159 non
1779 2085 1920 2176 dilecti,
1941 2085 2007 2180 qui

573 2207 747 2298 nonsui,
777 2207 917 2302 quide
950 2206 1175 2281 fornicariae
1212 2211 1338 2302 partu,
1367 2209 1422 2281 hii
1463 2208 1629 2284 videntis
1657 2209 1728 2284 Dei
1755 2208 1826 2283 filii
1863 2232 2013 2285 nuncu·

572 2333 729 2427 pantur:
750 2333 790 2406 et
817 2330 878 2406 hic
906 2331 1060 2426 quidem
1077 2330 1148 2406 Dei
1175 2353 1311 2422 sermo,
1336 2354 1413 2427 quo
1439 2333 1626 2429 propheta
1652 2355 1811 2407 uxorem
1839 2334 2009 2429 accipere

574 2454 817 2529 fornicariam
845 2453 1013 2544 iubetur,
1033 2454 1171 2528 idcirco
1191 2457 1543 2530 commemorandus
1562 2456 1650 2546 fuit,
1669 2459 1716 2530 ut
1734 2448 2016 2551 praeformari⁴

575 2579 703 2653 omnia
722 2600 789 2674 per
808 2581 915 2674 gesta
943 2578 1083 2653 veteris
1111 2581 1348 2670 testamenti,
1369 2603 1489 2675 eaque
1517 2581 1557 2653 in
1583 2580 1748 2654 Domino
1776 2584 1817 2655 et
1843 2603 1913 2676 per
1939 2580 2016 2653 Do-

575 2705 723 2779 minum
741 2704 907 2800 gerenda
926 2725 1006 2778 esse
1026 2703 1205 2778 docemur
1218 2697 1242 2778 ⁵.
1264 2704 1345 2779 Hoc
1364 2706 1445 2800 ipso
1466 2705 1568 2800 quod
1587 2706 1796 2802 prophetae
1812 2705 2019 2780 fornicaria

512 2865 549 2924 23
577 2823 582 2932 Ι
603 2831 788 2926 iungitur,
809 2829 1066 2924 intelligemus
1087 2830 1235 2905 ostendi
1253 2830 1435 2926 gentilem
1455 2830 1711 2926 ignorantiam
1727 2829 1909 2904 doctrinis
1928 2850 2016 2924 pro-

578 2956 794 3051 phetalibus
823 2954 1014 3048 copulari:
1043 2976 1089 3028 ex
1118 2953 1255 3049 quibus
1284 2955 1415 3049 geniti,
1444 2971 1491 3028 ex
1518 2978 1594 3029 non
1623 2953 1770 3028 dilectis
1798 2953 1940 3046 dilecti,
1969 2974 2018 3028 ex

576 3101 654 3159 non
681 3079 820 3176 populo
847 3078 1021 3174 populus,
1049 3099 1095 3153 er
1119 3079 1323 3154 fornicaria
1350 3083 1473 3153 matre
1501 3079 1573 3154 Dei
1598 3079 1668 3153 filii
1698 3081 1937 3154 vocarentur.

657 3203 715 3277 Ex
742 3203 813 3279 hoc
841 3204 994 3299 quidem
1023 3203 1197 3299 quamvis
1227 3204 1322 3278 utile
1349 3203 1467 3279 fuerit
1495 3204 1544 3278 ad
1576 3205 1874 3300 cognoscendam
1902 3204 2013 3300 spiri·

579 3329 748 3412 tualium
765 3331 961 3426 gestorum
979 3329 1274 3424 significantiam
1291 3332 1489 3421 tractasse,
1514 3332 1658 3420 tamen,
1674 3331 1746 3405 hac
1765 3329 1827 3406 vel
1845 3327 2014 3402 maxime

580 3481 706 3551 causa,
735 3457 796 3532 hic
822 3457 927 3532 locus
947 3458 1265 3530 commemoratus
1285 3481 1308 3530 a
1327 3456 1436 3530 nobis
1455 3459 1533 3530 est:
1553 3459 1599 3530 ut
1618 3457 1708 3552 quia
1727 3456 1883 3530 futurus
1901 3453 2013 3528 nobis

585 3583 631 3657 de
649 3582 757 3656 Raab
776 3602 900 3656 sermo
920 3582 1030 3672 esset,
1049 3600 1249 3676 perquem
1267 3579 1519 3675 praeformari
1537 3580 1578 3653 in
1597 3601 1644 3654 ea
1663 3579 1860 3655 ecclesiam
1885 3582 2014 3654 osten·

581 3707 767 3782 daremus.
796 3705 897 3778 Tuto
916 3705 1241 3800 comparationem
1260 3705 1359 3780 hanc
1378 3705 1559 3780 ecclesiae
1577 3709 1694 3800 atque
1714 3703 1925 3779 meretricis
1945 3725 2014 3798 pro

579 3853 710 3906 sensus
751 3829 874 3906 nostri
914 3829 1171 3924 intelligentia
1207 3850 1443 3925 poneremus,
1482 3850 1569 3903 cum
1605 3829 1757 3925 quando
1805 3827 2011 3903 fornicaria

562 3956 788 4052 prophetae
815 3953 946 4027 iuncta
965 3953 1015 4026 ad
1042 3953 1220 4029 ecclesiae
1239 3951 1605 4047 praeformationem
1626 3955 1666 4026 in
1684 3975 1794 4047 spem
1818 3955 2019 4026 aeternam

581 4078 755 4158 iustitiae
783 4080 823 4153 et
850 4076 939 4152 fidei
966 4080 1006 4152 et
1033 4078 1259 4174 cognitionis
1287 4076 1360 4152 Dei
1386 4077 1618 4172 reperiretur
1638 4099 1719 4152 esse
1738 4076 1933 4172 desponsa.
1963 4075 2015 4148 Et

581 4206 622 4279 in
650 4225 694 4279 eo
715 4203 882 4302 quidem,
911 4202 1011 4297 quod
1039 4203 1109 4276 sub
1128 4193 1282 4276 Iesum⁶
1303 4201 1431 4275 omnia
1458 4202 1499 4275 in
1517 4224 1562 4276 ea
1581 4203 1690 4296 gesta
1717 4204 1819 4290 sunt,
1848 4199 2017 4273 maxima

581 4330 706 4406 virtus
734 4331 793 4404 est
820 4316 1055 4424 prophetiae.
1084 4328 1130 4400 In
1157 4327 1245 4400 lesu
1273 4327 1374 4401 enim
1394 4327 1662 4421 cognominato
1687 4325 1866 4399 absoluta
1893 4324 2019 4398 futuri

583 4454 812 4531 sacramenti
822 4453 923 4529 ratio
939 4453 1153 4528 monstrata
1168 4455 1242 4526 est:
1257 4473 1420 4546 namque
1430 4453 1517 4546 post
1532 4450 1780 4523 multumDei
1795 4449 1844 4522 ad
1862 4449 2020 4545 Moysen

583 4601 807 4670 sermonem,
828 4600 914 4654 cum
935 4577 1079 4652 dictum
1093 4575 1128 4652 ei
1147 4579 1258 4665 esset,
1280 4577 1325 4648 ut
1344 4576 1473 4650 omnia
1487 4574 1695 4650 secundum
1715 4573 1888 4670 speciem,
1906 4595 2022 4668 quarn

583 4707 624 4780 in
641 4708 772 4779 monte
791 4703 962 4794 vidisset,
982 4702 1125 4778 faceret
1142 4702 1183 4774 in
1202 4705 1318 4793 terra,
1340 4701 1466 4775 Iesum
1481 4691 1506 4790 ⁷,
1527 4699 1594 4794 qui
1622 4698 1744 4774 Auses
1768 4701 1884 4773 autea
1911 4720 2025 4773 voca·

584 4832 712 4921 batur,
742 4828 1027 4924 cognominavit
1046 4827 1179 4902 ducem
1197 4826 1336 4923 populo
1362 4826 1411 4898 ad
1439 4829 1585 4900 terram
1613 4824 1913 4920 repromissionis
1939 4843 2026 4917 per-

585 4955 693 5052 genti
712 4954 903 5041 futurum;
924 4952 972 5026 ad
991 4951 1153 5048 speciem
1172 4950 1345 5025 coelestis
1362 4951 1526 5025 visionis
1545 4950 1670 5024 iussus
1684 4949 1833 5045 Moyses
1847 4949 2029 5023 universa

669 5275 678 5308 ¹
693 5265 778 5328 Psal.
794 5265 915 5345 oxm,
930 5268 946 5326 1
961 5295 997 5308 -
1012 5273 1023 5307 ²
1036 5265 1139 5344 priore
1153 5305 1189 5320 -
1203 5272 1214 5306 ⁸
1228 5264 1377 5326 fonicario
1388 5293 1425 5304 -
1438 5272 1449 5305 ⁴
1463 5269 1500 5324 nt
1513 5264 1584 5342 quia
1598 5263 1799 5344 praeformari
1813 5295 1853 5309 -
1868 5269 1879 5302 ⁶
1894 5281 1932 5323 ea
1947 5279 2026 5339 quae

587 5367 620 5428 in
639 5365 804 5428 Dominum
824 5371 857 5426 ot
875 5383 931 5443 per
950 5364 1114 5428 Dominum
1134 5364 1270 5443 gerenda
1291 5383 1361 5426 esse
1382 5365 1498 5442 docem3
1511 5373 1573 5406 ..a
1590 5363 1716 5425 Scilicet
1736 5363 1847 5424 Iosue:
1870 5367 1903 5422 et
1922 5360 1955 5420 in
1977 5381 2032 5420 ru.

588 5464 674 5528 brice
692 5463 807 5542 legitur
830 5461 896 5522 ‹do
917 5461 1076 5522 ihunave»
1100 5499 1141 5510 --
1161 5471 1170 5504 ²
1187 5461 1327 5522 Hiesum.
