4604 6560
677 895 926 1001 PIl'IItI
982 894 1332 1002 DIAOONI

958 1125 1054 1172 LIBER

771 1296 837 1370 DE
865 1297 1000 1370 LOCIS
1030 1297 1234 1374 sanctis

892 1515 1116 1522 ——--—-—-

363 2009 550 2085 INCIPIT
578 2009 758 2107 prologus
786 2009 892 2084 Petri
913 2009 1071 2082 Diaconi
1092 2009 1304 2083 Oasinensis
1325 2009 1374 2083 ad
1395 2009 1628 2084 Giribaldum
1657 2010 1724 2086 Ca·

282 2135 470 2212 sinensem
498 2139 540 2210 et
568 2135 834 2211 Stabulensem
862 2135 1052 2209 Abbatem
1081 2133 1121 2207 in
1149 2135 1245 2208 libro
1275 2133 1321 2209 de
1348 2134 1456 2210 Locis
1485 2133 1645 2210 Sanctis.

359 2387 523 2464 Domino
542 2411 689 2496 su0,·ac
707 2390 810 2484 patri
830 2390 870 2462 in
889 2387 1041 2462 Christo
1060 2387 1271 2462 venerabili
1291 2387 1480 2462 Guibaldo
1499 2386 1570 2462 Dei
1596 2390 1723 2483 gratia

280 2514 378 2590 sacri
391 2513 518 2588 Casini
531 2515 673 2590 Montis
688 2515 820 2589 abbati
836 2507 859 2606 ¹,
876 2515 1012 2588 Petrus
1033 2513 1244 2588 Casinensis
1259 2514 1450 2588 Diaconus
1464 2513 1616 2588 debitae
1632 2515 1721 2588 obe·

281 2641 448 2716 dientiae
475 2642 719 2716 famulatum.
741 2643 893 2728 Quanto
913 2641 1100 2738 cupidinis
1119 2643 1218 2736 igne,
1238 2641 1355 2715 Pater
1373 2642 1414 2714 in
1433 2642 1585 2716 Christo
1606 2664 1722 2717 vene·

279 2767 409 2858 rande,
438 2768 655 2858 exarserim,
685 2790 729 2843 ac
756 2767 862 2862 quali
886 2769 1081 2862 quantove
1100 2765 1299 2857 desideri0,
1320 2769 1366 2840 ut
1384 2789 1452 2840 vos
1481 2767 1721 2862 omnipotens

279 2890 381 2966 Deus
400 2892 447 2967 de
465 2892 632 2968 adversis
652 2892 827 2988 eriperet,
844 2892 1118 2988 exoptaverim,
1134 2892 1261 2987 ipsum
1280 2891 1404 2965 Deum
1419 2891 1553 2967 invoco
1569 2893 1720 2982 testem,

279 3039 393 3112 quem
420 3019 561 3094 mentis
581 3018 724 3109 abdita,
745 3042 856 3114 quem
878 3018 1131 3092 conscientiae
1150 3018 1300 3092 occulta
1315 3041 1392 3092 nou
1412 3018 1565 3110 fallunt,
1595 3019 1662 3114 qui
1682 3022 1722 3093 et

278 3143 324 3218 de
351 3143 441 3240 ipsis
469 3144 587 3218 animi
615 3144 784 3219 motibus
812 3144 959 3240 generis
988 3144 1134 3218 arbiter
1167 3143 1335 3219 creditur
1362 3143 1520 3218 futurus
1547 3145 1719 3218 humani.

251 3275 252 3280 ’
279 3267 351 3343 Sed
378 3271 469 3365 quia
488 3271 603 3366 juxta
623 3270 838 3368 Prophetae
857 3270 1035 3366 elogium,
1057 3271 1096 3343 in
1115 3293 1234 3344 manu
1252 3270 1454 3344 hominum
1473 3274 1630 3345 nonest
1656 3272 1720 3346 via
1800 3335 1802 3341 .

277 3395 372 3489 ejus,
400 3417 470 3470 nec
501 3396 549 3469 ab
577 3395 742 3486 homine,
771 3396 838 3471 sed
866 3419 890 3468 a
918 3395 1080 3469 Domino
1109 3417 1258 3491 gressus
1285 3394 1450 3468 hominis
1485 3394 1718 3490 diriguntur,

276 3519 417 3594 nostris
445 3519 485 3594 id
512 3520 743 3595 facinoribus
762 3520 1012 3616 exigentibus,
1033 3541 1110 3594 non
1144 3523 1203 3594 est
1230 3519 1387 3611 factum,
1417 3520 1519 3614 quod
1546 3520 1717 3593 humana

276 3643 441 3719 aviditas
469 3646 699 3741 concupivit,
729 3646 793 3720 sed
822 3668 920 3741 quae
948 3646 1051 3720 Deus
1071 3645 1216 3719 arbiter
1234 3645 1381 3720 meritis
1409 3646 1586 3720 humanis
1614 3668 1717 3722 oom-

275 3771 405 3864 petere
433 3771 630 3847 iudicavit.
650 3772 750 3848 Nam
770 3796 856 3846 cum
876 3773 1046 3846 omnium
1066 3795 1272 3868 pravorum
1295 3775 1488 3846 crassante
1516 3773 1718 3868 impietate

275 3895 428 3970 ecclesie
469 3897 540 3972 Dei
567 3899 693 3972 status
730 3897 870 3972 cotidie
904 3897 1129 3972 labefactari
1166 3901 1369 3986 cernatur3
1398 3901 1439 3972 et
1466 3897 1557 3989 fere,
1587 3901 1632 3971 ut
1659 3899 1717 3971 ita

274 4019 408 4112 dicam,
438 4022 568 4095 nullus
605 4023 786 4098 adversus
816 4043 880 4096 eos
917 4007 1086 4118 insurgit
1120 4045 1188 4118 pro
1229 4023 1341 4097 domo
1378 4023 1537 4114 Israhel,
1576 4024 1717 4120 partim

274 4169 416 4239 amore,
445 4149 587 4243 partim
614 4148 753 4224 timore
781 4150 1035 4224 saecularium
1067 4151 1327 4245 potestatum:
1356 4149 1496 4223 idcirco
1528 4153 1717 4245 augustae

274 4274 481 4348 memoriae
508 4273 694 4348 Dominus
720 4277 852 4349 noster
879 4276 1087 4370 imperator
1113 4273 1517 4349 Lotharius.vestram
1544 4275 1715 4350 beatitu-

275 4396 402 4472 dinem
430 4399 470 4471 in
503 4398 690 4476 casinensi
727 4399 884 4474 cenobio
922 4400 1103 4474 abbatem
1141 4399 1313 4473 instituit
1332 4390 1356 4490 ²,
1388 4403 1432 4474 ut
1460 4421 1517 4490 ea,
1538 4423 1637 4495 quae
1665 4399 1712 4474 ad

273 4525 547 4600 correctionem
584 4527 773 4600 malorum
802 4529 841 4600 et
868 4525 1033 4600 salutem
1062 4526 1249 4599 bonorum
1268 4525 1448 4628 attinent,
1479 4526 1640 4601 sollicite
1670 4547 1714 4600 ac

147 4693 149 4698 ·
274 4649 477 4746 diligenter
502 4655 770 4747 pertractares,
799 4655 840 4726 et
866 4651 1070 4726 effrenatos
1106 4651 1331 4742 refrenares,
1361 4673 1405 4724 ac
1433 4653 1614 4748 superbos
1641 4649 1712 4724 hu-

273 4775 461 4851 miliares:
495 4779 685 4872 quatenus
721 4779 949 4874 recuperata
982 4776 1150 4872 justitia,
1189 4781 1229 4851 et
1260 4779 1480 4850 restaurata
1515 4775 1713 4872 religione,

354 5054 560 5120 ¹Guibaldus
580 5057 697 5118 Montis
728 5057 836 5119 Casini
857 5059 953 5118 abbas
980 5056 1041 5120 fuit
1072 5057 1197 5118 aXIII
1223 5057 1296 5118 Kal.
1325 5055 1461 5118 octobrIs
1482 5056 1522 5116 ad
1549 5055 1597 5118 IV
1616 5075 1714 5117 nonas

272 5153 449 5216 novembris
470 5176 497 5215 a.
519 5155 607 5234 1137,
629 5163 721 5235 atque
736 5178 806 5218 mox
819 5163 947 5237 propter
960 5163 1133 5236 temporum
1145 5155 1344 5218 difficultates
1359 5177 1393 5218 se
1408 5177 1534 5218 munere
1545 5155 1712 5218 abdicavit.

274 5247 411 5328 Gattula,
431 5253 515 5314 Hist.
538 5255 619 5316 Abb.
641 5255 836 5317 (lasuinensis
856 5257 892 5316 P.
914 5256 958 5316 Π.
980 5277 1050 5334 pag.
1073 5257 1142 5316 331.

352 5347 364 5383 ²
384 5351 474 5413 Anno
496 5355 584 5430 1137,
606 5375 699 5432 quum
724 5354 890 5415 Letharius
910 5354 1078 5434 imperator
1099 5354 1206 5416 Casini
1223 5361 1404 5436 moraretur,
1417 5376 1435 5417 a
1449 5355 1605 5416 monachis
1619 5356 1711 5434 gravi

274 5445 430 5510 discordia
455 5452 616 5514 commotis
644 5453 834 5530 efflagitatus
863 5460 921 5531 est,
942 5461 978 5514 ut
999 5454 1045 5515 eis
1075 5455 1219 5516 abbatem
1240 5455 1391 5534 eligeret:
1413 5455 1467 5516 ille
1495 5456 1615 5534 aliquot
1642 5453 1712 5516 dies

275 5555 438 5610 cunctatus
458 5551 584 5613 tandem
605 5551 794 5614 Guibaldum
814 5552 1016 5614 renunciavit.
1032 5554 1118 5613 Petr.
1130 5554 1218 5615 Diac.
1232 5555 1343 5615 Chron.
1357 5555 1478 5616 Cassin.
1492 5555 1512 5614 l.
1528 5553 1585 5630 IV,
1598 5573 1623 5614 c.
1641 5554 1711 5615 124.

1601 5691 1637 5746 15
