4604 6560
1337 815 1498 822 -.--——-·--
1507 815 1523 820 -—
1531 814 1698 824 *qq-.—

581 705 644 774 132
1165 719 1265 770 sarar
1287 719 1426 768 nracoru

580 925 663 1036 sibi,
679 947 719 1020 et
736 942 891 1040 prodest
909 942 1085 1019 omnibus
1100 936 1122 1017 ¹.
1140 942 1255 1018 quta
1274 943 1381 1019 cuius
1398 942 1577 1018 ecclesiae
1595 941 1761 1040 parietes
1778 941 1843 1017 via
1857 940 2012 1038 publica

580 1071 732 1161 transit,
761 1068 828 1143 ubi
854 1068 1050 1143 Mattheus
1072 1068 1267 1164 apostolus
1285 1067 1509 1144 theloneum
1535 1068 1685 1143 habuit.
1713 1066 1806 1143 Inde
1832 1067 1874 1141 in
1903 1088 2011 1140 mon·

579 1199 674 1286 tem,
702 1195 768 1290 qui
793 1195 904 1269 iuxta
939 1195 1010 1285 est,
1037 1195 1096 1268 est
1126 1193 1317 1289 spelunca,
1345 1193 1386 1267 in
1413 1216 1489 1290 qua
1521 1192 1725 1268 ascendens
1751 1191 2013 1268 beatitudines

581 1321 678 1395 dixit
704 1320 882 1396 Salvator
895 1313 921 1394 ¹.
939 1319 1027 1394 Non
1045 1319 1157 1416 longe
1175 1323 1307 1394 autem
1326 1319 1413 1394 inde
1431 1323 1491 1393 est
1510 1317 1724 1416 synagoga,
1744 1339 1859 1415 quam
1879 1316 2012 1394 Salva·

581 1450 644 1522 tor
671 1444 888 1520 maledixit:
915 1467 1006 1518 nam
1033 1466 1120 1520 cum
1147 1444 1331 1520 transiret
1358 1442 1547 1533 Salvator,
1567 1447 1607 1518 et
1625 1444 1732 1519 illam
1759 1443 1868 1520 ludei
1894 1443 2013 1518 fabri-

582 1573 724 1663 carent,
753 1570 1006 1665 interrogavit
1023 1591 1087 1644 eos
1106 1569 1254 1645 dicens:
1276 1569 1373 1656 Quid
1390 1568 1545 1644 facitisl
1564 1573 1604 1645 et
1630 1569 1707 1643 illi:
1729 1568 1836 1644 nihil.
1856 1568 1908 1643 Et
1932 1569 2011 1644 Do·

582 1695 728 1770 minus:
748 1715 837 1791 ergo
857 1695 890 1768 si
907 1693 1022 1769 nichil
1041 1697 1100 1769 est
1118 1693 1219 1791 quod
1234 1694 1370 1785 facitis,
1385 1693 1483 1768 nihil
1501 1694 1576 1768 erit
1594 1715 1755 1790 semper.
1772 1692 1879 1780 Quod
1892 1715 2014 1788 usque

581 1818 694 1894 hodie
721 1821 778 1893 ita
804 1808 1039 1915 permanet³.
1059 1817 1309 1892 Postmodum
1336 1817 1438 1892 enim
1466 1817 1642 1914 quotiens
1669 1817 1876 1894 voluerunt
1904 1817 2014 1892 illam

581 1945 690 2022 Iudai
715 1933 917 2036 fabricare,¹
934 1943 1113 2042 quicquid
1134 1965 1202 2041 per
1220 1943 1322 2019 diem
1348 1942 1552 2034 faciebant,
1580 1945 1816 2039 pernoctem
1835 1941 2012 2017 dirueba-

582 2074 660 2163 tur,
688 2073 729 2146 et
754 2092 868 2146 mane
894 2091 1041 2166 semper
1064 2069 1104 2144 iu
1122 2091 1168 2144 aa
1187 2091 1366 2145 mensura
1384 2068 1652 2145 inveniebatur
1679 2067 1824 2143 fabrica
1850 2067 1945 2158 eius,
1973 2067 2015 2141 in

584 2218 661 2292 qua
686 2195 816 2270 iuerat
834 2197 926 2269 tunc
944 2193 1096 2290 quando
1114 2193 1317 2268 maledicta
1335 2195 1405 2268 eet.
1424 2192 1518 2268 Inde
1537 2195 1669 2268 autem
1687 2214 1766 2266 non
1783 2192 1895 2288 longe
1923 2192 2016 2265 sunt

582 2323 732 2397 montes
759 2321 912 2412 Gelbes,
942 2320 1008 2394 ubi
1034 2320 1217 2397 astricus
1235 2318 1359 2394 (iebus
1372 2310 1398 2410 ⁴,
1418 2319 1484 2392 ubi
1502 2319 1647 2394 mortui
1672 2321 1767 2406 sunt
1782 2317 1874 2393 Saul
1892 2320 1933 2394 et
1951 2317 2014 2392 Io·

583 2447 734 2523 nathae.
762 2447 809 2521 In
835 2447 978 2524 Iezrael
1005 2450 1137 2522 autem
1172 2447 1296 2537 vinea,
1325 2468 1400 2542 que
1435 2445 1512 2520 fuit
1549 2444 1717 2534 Naboth,
1745 2466 1847 2520 nunc
1873 2447 2016 2541 putens

582 2576 738 2650 tantum
765 2576 842 2650 est:
871 2573 925 2648 ibi
951 2576 992 2649 et
1018 2571 1269 2648 fundamenta
1291 2574 1410 2646 turris
1437 2594 1557 2669 usqne
1583 2571 1696 2648 hodie
1722 2574 1922 2666 apparent.
1951 2567 2016 2644 Se·

582 2699 783 2796 pulchrum
808 2719 901 2774 vero
927 2697 1076 2774 Iezabel
1106 2719 1228 2794 usque
1255 2696 1369 2774 hodie
1394 2698 1444 2772 ab
1471 2697 1646 2772 omnibus
1663 2695 1858 2794 lapidatur
1871 2689 1897 2770 ⁵.
1925 2696 2016 2772 Nou

584 2825 697 2920 longe
724 2827 855 2898 autem
882 2848 906 2898 a
932 2823 1090 2900 civitate
1124 2826 1184 2899 est
1219 2826 1409 2916 mortain
1439 2846 1516 2919 quo
1553 2822 1652 2898 sedit
1687 2823 1791 2898 Elias
1817 2823 2016 2920 propheta,

585 2948 737 3046 qnando
756 2969 845 3022 eum
857 2949 1158 3045 persequebatur
1175 2948 1336 3024 Iezabel.
1356 2947 1391 3021 A
1409 2949 1522 3044 longe
1540 2951 1672 3023 autem
1690 2951 1750 3022 est
1764 2971 1855 3046 pars
1874 2949 2018 3024 montis

588 3071 762 3163 Carmeli,
789 3074 849 3147 est
874 3072 992 3163 locus,
1021 3073 1088 3146 ubi
1106 3071 1209 3147 Elias
1228 3072 1351 3148 altare
1369 3071 1523 3146 Domini
1549 3073 1795 3148 consecravit.
1825 3065 2015 3164 Sebastia,

586 3218 686 3295 quae
713 3197 804 3272 olim
832 3195 1004 3272 Samaria
1030 3197 1133 3274 dicta
1160 3199 1230 3288 est,
1258 3198 1430 3290 continet
1460 3196 1668 3289 ecclesiam,
1695 3197 1736 3272 in
1763 3220 1840 3295 qua
1866 3200 2014 3295 requie·

587 3321 659 3397 scit
675 3343 811 3419 corpus
827 3321 950 3395 sancti
966 3321 1165 3416 Baptistae
1182 3320 1375 3412 Iohannis,
1394 3323 1435 3396 et
1451 3319 1608 3412 Helisei,
1626 3325 1668 3396 et
1684 3320 1831 3397 Abdiae
1844 3317 1870 3396 ⁸.
1889 3322 1936 3397 In
1953 3343 2012 3398 se·

586 3445 708 3522 cundo
735 3448 866 3522 autem
892 3445 1057 3520 miliario
1078 3467 1188 3521 mons
1206 3449 1266 3522 est
1283 3445 1503 3538 altissimus,
1523 3447 1563 3520 in
1581 3469 1657 3543 quo
1685 3450 1777 3522 sunt
1804 3446 1902 3524 duae
1928 3469 2013 3546 spe·

668 3685 678 3724 ¹
700 3686 753 3750 cf.
769 3688 897 3766 Peragr.
921 3708 952 3767 p.
976 3688 1037 3750 49:
1059 3685 1216 3751 ‹Vadent
1238 3687 1284 3750 ibi
1303 3688 1468 3752 attollent
1492 3689 1641 3767 surculos,
1665 3695 1699 3753 et
1716 3689 1814 3770 prode
1843 3688 1909 3754 illis
1929 3697 2019 3754 ast».

587 3785 677 3861 Quod
690 3787 831 3870 sequitur
847 3787 963 3850 «iuxta
977 3787 1065 3850 cuius
1080 3788 1259 3852 ecclesiae»
1275 3787 1414 3851 ostendit
1425 3788 1587 3852 ecclesiam
1599 3786 1708 3868 fuisse,
1723 3788 1775 3850 ubi
1797 3789 1931 3870 positum
1951 3797 2019 3852 erat

586 3886 738 3966 altarium,
759 3885 841 3965 quod
861 3906 918 3965 pro
938 3885 1037 3950 altare
1057 3906 1151 3967 saepe
1171 3886 1206 3948 iu
1225 3875 1480 3966 Peregrinatione
1500 3893 1674 3968 usurpatur.

665 3983 836 4046 'Mentem
855 3982 973 4046 iudicat
992 4003 1090 4065 prope
1111 3983 1327 4064 capharnaum
1346 3991 1378 4046 et
1398 4004 1483 4048 mare
1503 3984 1684 4063 Genesaret,
1704 3992 1737 4048 et
1760 4007 1813 4050 res
1841 3977 1910 4048 cuin
1930 4001 2019 4049 evau-

586 4082 711 4162 gelistis
730 4084 810 4146 bsue
829 4081 993 4146 consentit.
1015 4082 1078 4145 Sed
1097 4083 1131 4145 iu
1150 4082 1265 4144 montis
1286 4082 1434 4162 spelunca
1446 4083 1614 4146 Dominum
1634 4082 1753 4146 dixisse
1771 4083 1981 4147 beatitudines
2001 4103 2022 4147 a

586 4182 709 4245 nemine
729 4181 873 4260 traditur,
893 4181 986 4244 immo
1006 4180 1161 4244 doctiores
1178 4181 1393 4262 explanatores
1415 4201 1486 4246 eum
1505 4183 1539 4245 in
1558 4183 1627 4246 loco
1647 4183 1797 4246 eminenti
1823 4183 1876 4248 vel
1902 4182 2022 4246 tumulo

589 4279 711 4344 sedisse
730 4267 930 4343 arbitranth

668 4378 681 4416 ⁸
701 4379 770 4443 Hoc
790 4378 908 4442 dictum
928 4377 1046 4441 censu
1065 4397 1123 4442 nac
1141 4379 1176 4441 in
1190 4367 1362 4459 euangeliis
1374 4399 1433 4442 uec
1446 4377 1800 4460 iupeeudo-evangsliis
1813 4399 1870 4443 nec
1881 4381 1915 4442 in
1927 4379 2023 4443 dictis

589 4476 714 4541 Obristo
734 4477 862 4540 tributis
881 4478 1020 4558 legitur:
1040 4476 1176 4541 fortasse
1196 4476 1230 4540 in
1249 4477 1381 4557 quodam
1406 4465 1486 4540 libro
1512 4477 1675 4558 dependito
1699 4477 1751 4541 vel
1777 4499 1816 4540 ex
1840 4479 1902 4550 luci
1928 4477 2022 4542 tradi·

588 4575 674 4639 tione
693 4575 772 4638 illud
792 4576 926 4640 relatum
945 4575 1117 4656 Peregrina
1137 4577 1318 4658 desumpsit.

667 4674 682 4710 ⁴
700 4673 806 4737 Genus
824 4675 858 4737 in
877 4673 991 4737 codice.
1013 4675 1170 4738 Eusebius
1190 4675 1229 4737 ad
1250 4696 1280 4737 v.
1303 4697 1320 4734 ‹
1337 4675 1463 4750 Gelbes,
1486 4682 1607 4739 montes
1622 4675 1873 4756 alienigenarum,
1887 4677 1920 4739 in
1933 4683 2022 4740 sexto

588 4771 693 4852 lapide
713 4793 732 4835 a
752 4772 942 4853 Scythopoli,
962 4773 995 4836 in
1015 4773 1127 4852 quibus
1148 4780 1181 4835 et
1200 4774 1289 4837 vicus
1310 4781 1360 4837 set
1378 4775 1514 4854 grandb,
1535 4775 1589 4852 qui
1608 4781 1738 4838 vocatur
1759 4775 1879 4839 Gelhua
1894 4798 1922 4838 ›.

668 4870 680 4908 ⁵
700 4871 829 4951 Isarael,
849 4891 927 4951 qnae
948 4879 981 4936 et
1001 4871 1153 4952 Stradela,
1173 4872 1228 4934 uhi
1249 4873 1333 4936 sedit
1352 4873 1461 4936 Achab
1481 4893 1545 4952 rex,
1567 4874 1704 4936 diambat
1717 4874 1825 4938 decern
1838 4874 1937 4937 millia
1955 4893 2023 4955 pas·

589 4987 679 5030 suum
699 4989 718 5031 a
736 4969 987 5051 Maximianopoli
1009 4971 1200 5052 (Hieronym.
1222 4971 1255 5034 in
1276 4971 1358 5034 Osse
1372 4993 1398 5033 c.
1416 4972 1456 5054 1,)
1478 4979 1511 5034 st
1531 4971 1692 5035 duodecim
1711 4995 1731 5036 a
1751 4971 1922 5054 Scithopoli
1935 4972 2022 5056 (ltin

589 5065 709 5149 Burd.).
728 5069 943 5132 Fundamenta
962 5069 1058 5131 turris
1078 5068 1213 5133 fortasse
1235 5077 1323 5133 erant
1342 5071 1478 5150 vestigia
1497 5071 1607 5152 palatii
1625 5072 1743 5135 Achab.
1766 5073 1959 5154 Sepulcrum,
1972 5072 2025 5135 vel

589 5163 695 5243 potius
714 5165 801 5228 locus
821 5166 989 5244 dicebatur,
1010 5186 1072 5246 quc
1092 5166 1193 5230 eiecta
1211 5165 1273 5228 fuit
1293 5174 1325 5230 at
1346 5188 1365 5229 a
1384 5169 1512 5231 canibus
1536 5176 1645 5232 vorata
1667 5169 1792 5233 Iezabel
1815 5191 1893 5234 uxor
1914 5170 2024 5233 Achab

589 5261 675 5342 regis
696 5263 786 5344 (Bag.
807 5264 869 5341 m,
890 5283 916 5326 c.
938 5266 1000 5346 21).

671 5360 859 5423 ⁶Eusebius
879 5361 919 5424 ad
939 5382 970 5423 v.
990 5361 1171 5442 Samariar
1193 5383 1272 5441 quas
1291 5381 1372 5426 nunc
1393 5363 1523 5428 Sebaste
1544 5359 1699 5434 diuitum}
1718 5367 1846 5448 Peregr.
1867 5387 1892 5430 s.
1906 5367 2024 5430 Paulae

591 5457 621 5539 ᾖ.
633 5459 681 5520 lc.
704 5481 720 5517 ι
741 5457 791 5520 Ibi
810 5458 865 5522 siti
884 5465 957 5520 snut
976 5459 1127 5524 Heliseus
1148 5468 1180 5524 et
1199 5460 1320 5523 Abdias
1343 5461 1529 5542 prophetea
1542 5511 1549 5526 .
1562 5511 1570 5525 .
1583 5508 1590 5528 .
1601 5473 1634 5528 st
1655 5465 1814 5530 Jchannes
1826 5466 1981 5547 'Baptista
1995 5488 2023 5529 ›.

594 5554 642 5618 cf.
656 5555 743 5618 Hier.
757 5555 791 5618 in
810 5555 914 5618 Abdia
933 5556 1093 5638 propheta
