4604 6560
847 686 891 730 on
915 683 1009 730 soors
1032 681 1168 728 sororis
1662 665 1724 728 115

290 777 1093 786 fflm———m—

287 905 320 978 si
347 907 551 1002 postquam
579 905 742 980 scribere
778 908 949 995 conetur,
978 907 1180 980 materiam
1208 927 1285 978 non
1317 904 1490 980 rimetur.
1521 902 1604 980 Iam
1632 925 1723 978 vero

288 1031 446 1108 Christo¹
467 1032 618 1128 auspice
646 1031 760 1107 huius
787 1030 947 1128 proemii
975 1031 1048 1106 iste
1076 1033 1127 1108 sit
1154 1029 1251 1106 finio.

515 1436 662 1485 EXPLICIT
690 1435 865 1504 PROLOGVS,
895 1437 1013 1486 INCIPIT
1041 1437 1136 1486 LIBER
1163 1436 1204 1486 DI}
1231 1433 1322 1486 Locis
1350 1435 1490 1486 sauceia.

367 1661 482 1752 (Beda
500 1683 576 1754 cop.
596 1661 635 1752 1)
656 1660 760 1736 Situs
778 1662 883 1735 urbis
902 1661 1118 1737 Jerusalem
1136 1684 1231 1758 pene
1251 1662 1290 1759 in
1318 1662 1448 1736 orbem
1472 1662 1724 1736 circumactus

286 1810 363 1861 non
391 1811 509 1884 parvo
538 1811 736 1864 murorum
774 1789 922 1862 ambitu
959 1788 1153 1884 adsurgit:
1183 1811 1259 1883 quo
1288 1787 1406 1862 etiam
1434 1790 1603 1862 montem
1634 1785 1725 1860 Sion

286 1913 455 1988 vicinum
473 1913 577 1987 intre
595 1935 634 1988 se
653 1914 800 2008 recipit,
822 1914 888 2010 qui
907 1937 930 1986 a
949 1913 1106 1988 meridie
1124 1914 1283 2010 positae,
1303 1936 1372 2008 pro
1391 1935 1477 1988 erce
1494 1912 1580 1987 urbi
1594 1934 1723 2009 super·

286 2036 437 2112 eminet.
466 2037 588 2111 Maior
607 2061 694 2133 pers
714 2037 882 2113 civitatis
902 2037 1002 2113 infra
1021 2041 1194 2112 montem
1213 2037 1312 2112 iacet
1340 2039 1379 2110 in
1408 2037 1571 2132 planitie
1598 2037 1723 2110 humi·

285 2163 389 2237 lieris
418 2162 524 2237 collis
550 2163 637 2252 sita,
668 2163 774 2238 cuius
802 2164 842 2236 in
862 2185 1000 2260 magno
1020 2187 1216 2238 murorum
1237 2163 1387 2238 ambitu
1407 2164 1604 2259 octoginta
1629 2187 1722 2258 qua·

284 2292 374 2362 tuor
401 2291 527 2363 turres
554 2292 684 2385 portas
712 2310 777 2363 sex
805 2289 933 2362 habet.
960 2289 1088 2363 Prima
1116 2291 1229 2384 porte
1257 2288 1381 2362 David
1409 2288 1458 2360 ad
1486 2287 1721 2363 occidentem

285 2413 427 2487 montis
455 2411 570 2487 Sion:
600 2412 764 2488 secunde
800 2416 913 2509 porte
939 2413 1055 2488 villae
1083 2413 1280 2487 Fullonis:
1310 2413 1428 2487 tertia
1456 2414 1568 2509 porta
1601 2411 1723 2486 sancti

287 2537 489 2635 Stephani:
519 2544 658 2634 quarta
677 2543 790 2635 porte
809 2539 1024 2614 Beniamin:
1046 2540 1183 2635 quinte
1201 2538 1367 2635 portula,
1387 2539 1436 2612 ab
1455 2540 1527 2613 hac
1550 2559 1617 2634 per
1635 2561 1722 2634 gre-

286 2663 357 2738 dus
385 2664 433 2737 ad
460 2665 602 2740 vallem
630 2663 819 2761 Josaphat
847 2665 1108 2740 descendItur:
1138 2668 1247 2740 sexta
1274 2667 1386 2761 porta
1414 2664 1577 2738 Tecutis.
1618 2663 1721 2740 Cele-

286 2790 429 2865 briores
457 2795 588 2866 tamen
616 2813 660 2866 ex
690 2791 749 2865 his
769 2795 861 2865 sunt
879 2795 958 2866 tres
978 2791 1104 2865 exitus
1125 2794 1335 2886 portarum,
1366 2813 1465 2864 unus
1493 2791 1645 2886 quidem
1674 2791 1722 2864 ab

286 2939 433 3008 occasu,
462 2917 561 2991 alius
585 2917 633 2990 ab
651 2917 925 3014 septentrione,
945 2917 1085 2992 tertius
1104 2918 1153 2990 ab
1173 2916 1331 2991 oriente.
1353 2916 1387 2990 A
1406 2916 1563 2992 meridie
1591 2920 1722 2991 autem

286 3041 504 3136 aquilonale
539 3042 681 3116 montis
719 3041 808 3115 Sion
843 3041 1087 3138 supercilium
1115 3041 1373 3137 supereminet
1411 3040 1573 3131 civitati,
1611 3044 1651 3115 et
1678 3063 1724 3114 ea

285 3189 372 3261 pars
396 3188 594 3240 murorum
613 3188 701 3240 cum
721 3166 956 3263 interpositis
974 3167 1146 3240 turribus
1165 3165 1291 3238 nullas
1311 3165 1452 3240 habere
1472 3167 1603 3260 portas
1622 3187 1722 3240 com-

285 3292 482 3387 probatur,
511 3290 551 3364 id
577 3295 647 3382 est,
677 3292 938 3387 asupradicta
957 3295 1069 3388 porta
1089 3292 1207 3366 Davit
1225 3313 1346 3386 usque
1365 3291 1414 3365 ad
1442 3313 1526 3365 eam
1555 3290 1723 3366 eiusdem

285 3417 427 3492 montis
466 3417 556 3492 Sion
592 3416 772 3511 frontem,
800 3439 899 3514 quae
932 3421 1140 3514 praerupta
1176 3439 1271 3514 rupe
1306 3417 1533 3492 orientalem
1569 3416 1722 3512 plagam

284 3543 447 3639 respicit.
477 3541 580 3617 Situs
608 3544 747 3641 quippe
765 3544 884 3640 ipsius
903 3544 1008 3618 urbis
1028 3567 1051 3616 e
1070 3543 1270 3639 supercilio
1291 3543 1479 3639 aquilonis
1499 3543 1640 3616 montis
1664 3542 1721 3615 in·

285 3669 425 3764 cipiens
444 3667 534 3743 Sion
553 3669 610 3743 ite
629 3673 689 3742 est
708 3669 814 3744 molli
833 3669 931 3744 clivo
952 3669 1157 3764 dispositus
1180 3645 1368 3764 usquead
1386 3667 1593 3742 humiliore
1613 3667 1720 3762 aqui·

283 3794 475 3868 lanarium
504 3795 825 3891 orientaliumque
843 3817 1053 3886 murorum,
1074 3797 1120 3868 ut
1144 3795 1276 3892 pluvie
1295 3795 1349 3869 ibi
1377 3794 1552 3870 decidens
1580 3815 1722 3890 nequa-

285 3943 400 4014 quam
428 3921 583 4015 proteri,
613 3920 677 3996 sed
705 3923 798 3995 ister
817 3921 1024 3996 fluviorum
1052 3943 1119 4016 per
1147 3920 1352 3996 orientales
1381 3920 1550 3995 defluens
1577 3919 1721 4016 portae,

285 4045 430 4119 cunctis
458 4067 584 4121 secum
609 4048 825 4143 platearum
845 4046 1019 4121 sordibus
1037 4047 1159 4142 raptis
1178 4048 1218 4120 ln
1236 4047 1338 4122 valle
1356 4046 1547 4142 Iosophat
1573 4050 1722 4122 torren-

284 4171 365 4275 ter'n
393 4169 539 4244 Cedron
567 4174 719 4266 augeat.
1634 4167 1636 4176 ¹

364 4295 425 4385 (B.
446 4319 473 4369 c.
492 4297 553 4387 ΙΙ)
572 4295 737 4392 Ingressi
764 4318 853 4393 ergo
882 4298 930 4372 ab
955 4297 1245 4406 septentrionali
1263 4301 1373 4394 perte
1392 4299 1537 4388 urbem,
1556 4297 1723 4393 primum

284 4420 332 4496 de
357 4420 451 4495 locis
479 4421 620 4496 sanctis
648 4444 716 4518 pro
736 4423 953 4497 conditione
971 4423 1187 4518 platearum
1207 4423 1476 4508 divertendum
1501 4427 1559 4497 est
1587 4421 1636 4496 ad
1664 4444 1722 4497 ec·

283 4545 435 4620 clesiam
464 4543 832 4640 Constantinianam,
860 4547 927 4620 ubi
959 4570 1051 4622 crux
1091 4547 1245 4622 Domini
1285 4549 1443 4623 inventa
1471 4550 1541 4622 est.
1577 4547 1721 4622 Dehinc

284 4670 332 4743 ab
361 4691 496 4744 occasu
517 4669 758 4766 Golgothana
777 4671 931 4746 videtur
950 4673 1118 4764 ecclesia,
1137 4673 1176 4745 in
1196 4696 1272 4767 que
1292 4673 1411 4746 etiem
1429 4694 1542 4767 rupes
1561 4672 1722 4768 apparet

284 4796 363 4884 illa,
392 4816 491 4890 quae
519 4798 711 4891 quondam
738 4797 871 4893 ipsam,
906 4797 1031 4872 adfixo
1059 4798 1214 4872 Domini
1251 4820 1417 4893 corpore,
1455 4819 1604 4872 crucem
1638 4819 1720 4894 per-

285 4922 390 5013 tulit,
419 4924 640 5018 argenteam
669 4945 770 4998 nunc
789 4924 972 5018 grandem
992 4924 1183 4998 sustinens
1203 4946 1363 5015 crucem,
1392 4923 1582 5020 pendente
1611 4922 1721 4998 detu-

284 5068 353 5140 per
379 5067 498 5120 aenea
525 5049 611 5120 rota
639 5069 725 5122 cum
753 5047 1004 5144 lampadibus.
1034 5046 1141 5121 Infra
1169 5048 1294 5143 ipsum
1321 5069 1413 5122 vero
1446 5045 1571 5122 locum
1601 5045 1721 5121 domi·

284 5171 391 5245 nicae
420 5171 551 5262 crucis,
581 5172 707 5246 excisa
734 5172 774 5247 in
802 5176 911 5268 petra
939 5175 1075 5268 crypta
1103 5175 1173 5262 est,
1193 5173 1234 5246 in
1255 5197 1331 5269 qua
1359 5195 1472 5269 super
1499 5173 1624 5248 altare
1652 5194 1721 5267 pro

285 5295 472 5370 defunctis
492 5298 662 5370 oneratis
683 5298 908 5374 sacrificium
928 5299 1026 5373 solet
1045 5298 1185 5389 offerri,
1205 5299 1339 5394 positis
1359 5299 1514 5372 interim
1533 5298 1722 5395 inpletae

285 5419 514 5515 corporibus.
545 5420 668 5496 Huius
696 5445 847 5518 quoque
876 5423 924 5497 ad
944 5445 1119 5498 occasum
1138 5423 1295 5498 ecclesia
1322 5422 1534 5514 Anastasis,
1563 5421 1634 5498 hoc
1662 5425 1722 5496 est

284 5545 570 5623 resurrectionis
589 5546 811 5640 dominicae,
830 5549 997 5626 rotunda
1016 5549 1184 5644 ecclesia,
1204 5549 1328 5634 tribus
1349 5549 1474 5631 cincta
1496 5547 1720 5643 parietibus,
