4622 6572
569 616 593 660 X
1195 611 1379 660 PRAEFATIO

568 833 649 908 licis
676 832 840 907 traslata
858 833 975 906 fuisse
992 832 1168 908 novimus
1183 825 1206 924 ¹,
1226 833 1444 930 perquirere
1462 855 1540 908 non
1558 835 1788 929 destitimus,
1814 837 1860 909 ut
1883 834 2003 911 etiam

567 980 615 1055 de
642 979 713 1052 hoc
740 960 945 1052 veritatem
973 999 1274 1073 assequeremur.

648 1123 695 1197 In
721 1122 845 1219 prima
872 1121 1008 1197 codicis
1036 1125 1157 1218 parte,
1178 1123 1294 1197 idest
1318 1124 1535 1219 quindecim
1554 1124 1686 1220 primis
1705 1124 1819 1217 foliis,
1839 1124 2005 1199 nonnul·

467 1269 470 1276 ’
565 1269 691 1342 lorum
726 1267 954 1342 abscissione
986 1267 1223 1363 interruptis,
1253 1289 1282 1340 s.
1310 1267 1450 1340 Hilarii
1486 1267 1691 1344 Tractatus
1727 1269 1773 1345 de
1810 1269 2005 1367 Mysteriie

566 1415 607 1485 et
625 1411 769 1508 Hymni
787 1412 1056 1486 continentur:
1085 1409 1125 1484 in
1153 1409 1318 1486 secunda
1337 1414 1479 1504 autem,
1499 1434 1598 1508 quae
1616 1412 1718 1487 foliis
1738 1416 1890 1488 constat
1910 1413 2006 1488 duo·

567 1553 638 1626 bus
657 1555 697 1627 et
715 1553 865 1648 viginti,
885 1553 1149 1648 Peregrinatio
1169 1553 1218 1626 ad
1234 1554 1318 1628 loca
1337 1558 1470 1628 sancta
1489 1554 1635 1628 tradita
1656 1558 1727 1630 est.
1748 1555 1830 1630 acsi
1851 1555 2006 1652 quidem

566 1697 606 1770 in
637 1665 798 1793 utraque
827 1700 867 1771 et
894 1697 1104 1792 compactio
1142 1698 1182 1772 et
1209 1696 1333 1771 forma
1360 1696 1412 1771 sit
1439 1696 1585 1789 eadem,
1626 1699 1817 1794 scriptura
1854 1721 2006 1797 quoque

566 1843 772 1934 simillima,
801 1862 862 1915 me
889 1844 1021 1915 tamen
1049 1863 1127 1915 non
1153 1841 1355 1936 praeteriit
1382 1841 1667 1938 aliquantulum
1686 1844 1809 1918 inesse
1829 1844 2008 1918 differen-

565 1987 721 2078 tiarum,
734 1987 872 2083 quibus
887 1986 1052 2061 codicem
1064 1986 1112 2060 ab
1127 1987 1250 2060 altero
1265 1986 1432 2061 alterum
1447 1987 1757 2085 disiunctumque
1771 1987 1888 2063 fuisse
1898 1988 2006 2064 dete·

565 2133 732 2228 geretur.
761 2131 915 2205 Etenim
942 2131 1109 2226 primum
1128 2130 1167 2203 in
1186 2153 1215 2205 s.
1237 2130 1385 2205 Hilario
1404 2132 1576 2228 pagellae
1597 2133 1793 2207 versiculis
1812 2133 1938 2207 tribus
1966 2135 2008 2208 et

565 2277 727 2371 triginta
741 2273 1005 2366 conficiuntur,
1018 2276 1059 2349 at
1069 2276 1110 2348 in
1119 2275 1431 2371 Peregrinatione
1445 2275 1608 2372 triginta
1619 2279 1659 2351 et
1670 2277 1852 2373 quinque:
1870 2275 2008 2349 deinde

566 2421 721 2495 litterae
758 2420 798 2492 in
825 2419 896 2493 hac
927 2419 1153 2493 minutiores
1185 2420 1288 2513 sunt,
1321 2440 1441 2493 nexus
1474 2419 1694 2515 peculiares,
1729 2419 2007 2517 orthographia

566 2563 692 2636 minus
719 2565 899 2646 accurata
926 2584 1043 2657 quam
1071 2561 1111 2633 in
1139 2583 1167 2634 s.
1187 2559 1347 2653 Hilario,
1368 2565 1618 2659 aspectusque
1637 2562 1718 2659 ipse
1737 2563 1923 2638 maiorem
1938 2585 2006 2636 an-

557 2677 791 2803 tiquitatem
819 2703 989 2779 redolere
1016 2703 1180 2779 videtur.
1212 2704 1385 2800 Denique
1404 2727 1450 2779 ex
1468 2704 1545 2779 illis
1564 2727 1690 2801 aquae
1717 2704 1888 2796 maculis,
1907 2725 2008 2800 quae

567 2849 753 2946 superiori
781 2849 982 2943 utriusque
1010 2847 1147 2922 codicis
1175 2848 1346 2944 margine
1373 2849 1553 2924 visuntur
1587 2849 1787 2940 obductae,
1812 2847 2009 2942 colligitur

568 3015 709 3088 aquam
736 3012 814 3064 non
841 2989 956 3063 simul
983 2989 1236 3085 protinusque
1264 3011 1303 3064 se
1330 2989 1537 3084 induxisse,
1566 2991 1632 3064 sed
1664 2992 1886 3086 utrumque,
1917 2989 2008 3064 licet

571 3137 611 3208 in
639 3135 772 3211 eodem
800 3134 965 3214 armario
993 3132 1172 3228 positum,
1202 3132 1375 3206 dissimili
1404 3133 1519 3208 modo
1548 3133 1731 3209 foedasse.

593 3358 596 3366 ,
648 3279 854 3353 Praeterea
881 3277 1027 3351 maiora
1055 3276 1164 3350 uobis
1192 3276 1348 3364 adrem
1377 3276 1655 3369 declarandam,
1684 3277 1717 3351 ei
1755 3277 1802 3351 de
1834 3275 2007 3352 codicum

570 3422 717 3518 origine
744 3425 862 3518 atque
888 3420 971 3495 fato
990 3420 1274 3514 investigemus,
1296 3424 1524 3516 argumenta
1544 3423 1765 3518 suppetunt.
1786 3421 1876 3507 ouis
1905 3421 2005 3496 enim

570 3591 599 3641 s.
613 3566 752 3641 Hilarii
770 3567 889 3641 libros
907 3566 1180 3664 Mysteriorum
1198 3567 1511 3643 commemoravit
1533 3569 1687 3662 praeter
1705 3567 2008 3664 Hieronymuml

570 3711 656 3807 quis
683 3711 855 3808 Hymnos
875 3711 1048 3808 excepitl
1077 3708 1233 3784 Nullam
1251 3711 1420 3806 profecto
1440 3710 1675 3786 mentionem
1700 3712 1740 3784 in
1760 3710 2009 3807 scriptoribus

571 3851 845 3944 ecclesiasticis,
873 3852 1025 3926 nullum
1052 3852 1093 3925 in
1120 3851 1236 3927 medii
1262 3852 1350 3926 aevi
1375 3850 1617 3926 bibliothecis
1645 3851 1849 3947 vestigium
1876 3854 2008 3926 extare

571 3999 750 4073 fatemur.
779 3998 826 4072 In
852 3998 1038 4072 casinensi
1073 3997 1307 4071 monasterio
1345 3995 1549 4069 dumtaxat
1587 3995 1716 4068 omnia
1752 3995 1821 4070 illa
1853 3999 2008 4071 servata

571 4167 653 4220 esse
680 4147 841 4219 constat.
862 4143 1044 4218 Exoritur
1071 4142 1212 4216 notitia
1231 4141 1325 4216 satis
1346 4141 1580 4216 luculentior
1598 4162 1644 4214 ex
1664 4139 1848 4215 Chronico
1871 4139 2008 4216 Leonis

572 4289 765 4379 Ostiensis,
794 4288 871 4384 qui,
900 4311 1019 4384 quum
1047 4309 1106 4362 res
1132 4287 1229 4361 bene
1258 4289 1384 4382 gestas
1412 4309 1436 4360 a
1463 4285 1659 4360 Desiderio
1683 4285 1834 4375 abbate,
1856 4285 1924 4380 qui
1941 4307 2010 4382 po-

571 4436 656 4507 stea
684 4454 784 4506 anno
816 4432 917 4506 1070
948 4431 1079 4506 Victor
1105 4431 1144 4504 II
1163 4431 1212 4504 ad
1240 4453 1431 4505 summum
1451 4453 1590 4503 munus
1610 4429 1781 4520 excessit,
1800 4432 2007 4519 narrasset,

571 4577 673 4652 inter
700 4574 857 4667 codiceS,
887 4597 981 4672 quos
1009 4574 1152 4650 excribi
1179 4574 1297 4648 abbas
1325 4575 1405 4670 ipse
1432 4573 1598 4664 iusserit,
1620 4573 1739 4649 etiam
1766 4593 1795 4646 s.
1816 4571 2008 4647 Hilarium

571 4723 743 4796 recenset
755 4710 780 4790 ².
810 4719 953 4795 Deinde
970 4722 1145 4814 tempora
1164 4718 1268 4792 mala
1286 4717 1615 4815 calamitatesque,
1634 4718 1675 4791 in
1694 4740 1790 4814 quas
1809 4717 2005 4793 abbatiam

653 4983 662 5018 ¹
677 4982 757 5044 Mari
770 4982 802 5044 in
817 4981 914 5062 praef.
929 4981 969 5043 ad
983 4981 1113 5045 Petrum
1127 4980 1308 5053 Diaconum,
1322 4983 1373 5064 De
1385 4984 1465 5041 31313
1478 4981 1657 5040 illustribus
1675 4976 1914 5040 Carnuntum:
1933 4977 2009 5040 «Ita

572 5091 604 5146 31
623 5082 716 5144 hodie
735 5083 768 5143 in
788 5089 855 5143 tota
874 5081 968 5143 Italia
987 5081 1074 5143 nulla
1092 5081 1129 5142 fit
1149 5080 1240 5160 paulo
1262 5080 1414 5142 celebrior
1433 5077 1638 5155 bibliotheca,
1666 5097 1744 5155 quoe
1764 5097 1826 5138 non
1845 5077 1949 5155 aliqua
1969 5097 2008 5140 ex

570 5190 659 5264 parte
679 5182 815 5261 ipsorum
834 5180 988 5242 nobilibus
1009 5179 1165 5241 thesauris
1185 5180 1428 5259 locupletetur.»

652 5277 788 5339 ²Ohron.
811 5277 841 5338 S.
863 5277 1045 5339 Honesterii
1066 5277 1169 5338 Oasin.
1191 5277 1212 5338 l.
1233 5277 1295 5354 111,
1316 5297 1342 5338 o.
1365 5278 1413 5336 63.
1437 5273 1605 5335 «Hilarius
1618 5273 1839 5352 Mysteriorum
1860 5281 1893 5337 et
1912 5273 2009 5352 Hym-

571 5396 718 5438 norum.»
740 5375 792 5436 Ad
811 5395 902 5452 quern
921 5374 1021 5437 locum
1042 5373 1169 5434 adnotat
1182 5373 1322 5452 Angelus
1342 5373 1391 5434 De
1410 5373 1513 5435 Nuce:
1537 5370 1703 5444 <Quorum
1717 5371 1842 5450 plurimi
1857 5370 2005 5454 (codices)

573 5480 831 5567 supersuntmqn
852 5480 956 5568 tamen
976 5490 1091 5569 qmnes,
1113 5470 1248 5549 expilata
1266 5490 1328 5532 non
1347 5470 1444 5533 semel
1464 5475 1571 5532 nostra
1590 5467 1818 5531 bibliotheca.»
