<?xml version="1.0" encoding="UTF-8"?>
<!DOCTYPE html PUBLIC "-//W3C//DTD XHTML 1.0 Transitional//EN"
    "http://www.w3.org/TR/xhtml1/DTD/xhtml1-transitional.dtd">
<html xmlns="http://www.w3.org/1999/xhtml" xml:lang="en" lang="en">
 <head>
  <title>
</title>
<meta http-equiv="Content-Type" content="text/html;charset=utf-8" />
  <meta name='ocr-system' content='tesseract 3.04.00' />
  <meta name='ocr-capabilities' content='ocr_page ocr_carea ocr_par ocr_line ocrx_word'/>
</head>
<body>
  <div class='ocr_page' id='page_1' title='image "./shilariitractat00petrgoog_0150.png"; bbox 0 0 4604 6560; ppageno 0'>
   <div class='ocr_carea' id='block_1_1' title="bbox 572 598 1514 668">
    <p class='ocr_par' dir='ltr' id='par_1_1' title="bbox 572 598 1514 668">
     <span class='ocr_line' id='line_1_1' title="bbox 572 598 1514 668; baseline 0 -2"><span class='ocrx_word' id='word_1_1' title='bbox 572 598 636 668; x_wconf 87' lang='grc'><strong>108</strong></span> <span class='ocrx_word' id='word_1_2' title='bbox 1062 619 1089 664; x_wconf 79' lang='lat' dir='ltr'><strong>s.</strong></span> <span class='ocrx_word' id='word_1_3' title='bbox 1113 615 1244 665; x_wconf 74' lang='lat' dir='ltr'><strong>sruvrsn</strong></span> <span class='ocrx_word' id='word_1_4' title='bbox 1268 617 1514 666; x_wconf 74' lang='grc'><strong>6666666666</strong></span> 
     </span>
    </p>
   </div>
   <div class='ocr_carea' id='block_1_2' title="bbox 509 829 2019 3431">
    <p class='ocr_par' dir='ltr' id='par_1_2' title="bbox 509 829 2019 3431">
     <span class='ocr_line' id='line_1_2' title="bbox 572 829 2004 937; baseline 0.001 -25"><span class='ocrx_word' id='word_1_5' title='bbox 572 841 613 912; x_wconf 92' lang='grc'><strong>61</strong></span> <span class='ocrx_word' id='word_1_6' title='bbox 638 861 848 935; x_wconf 82' lang='lat' dir='ltr'><strong>numquam</strong></span> <span class='ocrx_word' id='word_1_7' title='bbox 877 839 1002 914; x_wconf 89' lang='grc'><strong>6161616</strong></span> <span class='ocrx_word' id='word_1_8' title='bbox 1017 829 1041 914; x_wconf 88' lang='lat'><strong>¹.</strong></span> <span class='ocrx_word' id='word_1_9' title='bbox 1061 839 1198 936; x_wconf 85' lang='lat' dir='ltr'><strong>Itaque</strong></span> <span class='ocrx_word' id='word_1_10' title='bbox 1216 860 1308 934; x_wconf 84' lang='lat' dir='ltr'><strong>ergo</strong></span> <span class='ocrx_word' id='word_1_11' title='bbox 1327 841 1408 914; x_wconf 90' lang='lat' dir='ltr'><strong>stat</strong></span> <span class='ocrx_word' id='word_1_12' title='bbox 1434 859 1580 936; x_wconf 90' lang='lat' dir='ltr'><strong>semper</strong></span> <span class='ocrx_word' id='word_1_13' title='bbox 1606 840 1804 936; x_wconf 71' lang='lat' dir='ltr'><strong>presbiter,</strong></span> <span class='ocrx_word' id='word_1_14' title='bbox 1830 842 1907 937; x_wconf 90' lang='lat' dir='ltr'><strong>qui,</strong></span> <span class='ocrx_word' id='word_1_15' title='bbox 1928 843 2004 937; x_wconf 90' lang='lat' dir='ltr'><strong>epi-</strong></span> 
     </span>
     <span class='ocr_line' id='line_1_3' title="bbox 509 959 2007 1066; baseline 0.001 -28"><span class='ocrx_word' id='word_1_16' title='bbox 509 972 545 1028; x_wconf 77' lang='lat'><strong>&#39;14</strong></span> <span class='ocrx_word' id='word_1_17' title='bbox 572 984 683 1059; x_wconf 88' lang='lat' dir='ltr'><strong>scopo</strong></span> <span class='ocrx_word' id='word_1_18' title='bbox 710 985 820 1060; x_wconf 82' lang='lat' dir='ltr'><strong>grece</strong></span> <span class='ocrx_word' id='word_1_19' title='bbox 847 963 1009 1054; x_wconf 90' lang='lat' dir='ltr'><strong>dicente,</strong></span> <span class='ocrx_word' id='word_1_20' title='bbox 1037 964 1163 1038; x_wconf 90' lang='lat' dir='ltr'><strong>siriste</strong></span> <span class='ocrx_word' id='word_1_21' title='bbox 1189 965 1482 1060; x_wconf 89' lang='lat' dir='ltr'><strong>interpretatur,</strong></span> <span class='ocrx_word' id='word_1_22' title='bbox 1509 967 1556 1037; x_wconf 90' lang='lat' dir='ltr'><strong>ut</strong></span> <span class='ocrx_word' id='word_1_23' title='bbox 1583 987 1715 1040; x_wconf 89' lang='lat' dir='ltr'><strong>omnes</strong></span> <span class='ocrx_word' id='word_1_24' title='bbox 1737 965 1920 1041; x_wconf 89' lang='lat' dir='ltr'><strong>audiant:</strong></span> <span class='ocrx_word' id='word_1_25' title='bbox 1941 959 1946 1066; x_wconf 77' lang='lat' dir='ltr'><strong>l</strong></span> <span class='ocrx_word' id='word_1_26' title='bbox 1967 969 2007 1040; x_wconf 89' lang='lat' dir='ltr'><strong>et</strong></span> 
     </span>
     <span class='ocr_line' id='line_1_4' title="bbox 572 1088 2007 1187; baseline 0.001 -23"><span class='ocrx_word' id='word_1_27' title='bbox 572 1092 817 1186; x_wconf 90' lang='lat' dir='ltr'><strong>exponuntur</strong></span> <span class='ocrx_word' id='word_1_28' title='bbox 832 1088 1015 1164; x_wconf 85' lang='lat' dir='ltr'><strong>lectiones</strong></span> <span class='ocrx_word' id='word_1_29' title='bbox 1034 1089 1164 1180; x_wconf 90' lang='lat' dir='ltr'><strong>etiam,</strong></span> <span class='ocrx_word' id='word_1_30' title='bbox 1185 1111 1447 1185; x_wconf 88' lang='lat' dir='ltr'><strong>quaecumque</strong></span> <span class='ocrx_word' id='word_1_31' title='bbox 1460 1090 1500 1163; x_wconf 91' lang='lat' dir='ltr'><strong>in</strong></span> <span class='ocrx_word' id='word_1_32' title='bbox 1524 1089 1682 1164; x_wconf 89' lang='lat' dir='ltr'><strong>ecclesia</strong></span> <span class='ocrx_word' id='word_1_33' title='bbox 1695 1091 1898 1187; x_wconf 83' lang='lat' dir='ltr'><strong>leguntur:</strong></span> <span class='ocrx_word' id='word_1_34' title='bbox 1918 1093 2007 1187; x_wconf 91' lang='lat' dir='ltr'><strong>quia</strong></span> 
     </span>
     <span class='ocr_line' id='line_1_5' title="bbox 572 1193 2009 1326; baseline 0.002 -38"><span class='ocrx_word' id='word_1_35' title='bbox 572 1234 723 1288; x_wconf 89' lang='lat' dir='ltr'><strong>necesse</strong></span> <span class='ocrx_word' id='word_1_36' title='bbox 742 1217 801 1289; x_wconf 89' lang='lat' dir='ltr'><strong>est</strong></span> <span class='ocrx_word' id='word_1_37' title='bbox 819 1235 929 1308; x_wconf 83' lang='lat' dir='ltr'><strong>grace</strong></span> <span class='ocrx_word' id='word_1_38' title='bbox 946 1214 1036 1310; x_wconf 87' lang='lat' dir='ltr'><strong>legi,</strong></span> <span class='ocrx_word' id='word_1_39' title='bbox 1052 1235 1199 1310; x_wconf 89' lang='lat' dir='ltr'><strong>semper</strong></span> <span class='ocrx_word' id='word_1_40' title='bbox 1218 1217 1311 1305; x_wconf 89' lang='lat' dir='ltr'><strong>stat,</strong></span> <span class='ocrx_word' id='word_1_41' title='bbox 1326 1193 1393 1310; x_wconf 90' lang='lat' dir='ltr'><strong>qui</strong></span> <span class='ocrx_word' id='word_1_42' title='bbox 1411 1215 1537 1326; x_wconf 79' lang='lat' dir='ltr'><strong>sitista</strong></span> <span class='ocrx_word' id='word_1_43' title='bbox 1557 1215 1836 1310; x_wconf 87' lang='lat' dir='ltr'><strong>interpretatur</strong></span> <span class='ocrx_word' id='word_1_44' title='bbox 1854 1221 2009 1312; x_wconf 90' lang='lat' dir='ltr'><strong>propter</strong></span> 
     </span>
     <span class='ocr_line' id='line_1_6' title="bbox 573 1339 2008 1435; baseline 0.002 -23"><span class='ocrx_word' id='word_1_45' title='bbox 573 1340 769 1435; x_wconf 92' lang='lat' dir='ltr'><strong>populum,</strong></span> <span class='ocrx_word' id='word_1_46' title='bbox 798 1341 844 1412; x_wconf 92' lang='lat' dir='ltr'><strong>ut</strong></span> <span class='ocrx_word' id='word_1_47' title='bbox 871 1359 1019 1434; x_wconf 88' lang='lat' dir='ltr'><strong>semper</strong></span> <span class='ocrx_word' id='word_1_48' title='bbox 1046 1339 1205 1414; x_wconf 88' lang='lat' dir='ltr'><strong>discant.</strong></span> <span class='ocrx_word' id='word_1_49' title='bbox 1236 1339 1334 1413; x_wconf 89' lang='lat' dir='ltr'><strong>Sane</strong></span> <span class='ocrx_word' id='word_1_50' title='bbox 1361 1339 1592 1435; x_wconf 81' lang='lat' dir='ltr'><strong>quicumque</strong></span> <span class='ocrx_word' id='word_1_51' title='bbox 1619 1340 1680 1414; x_wconf 93' lang='lat' dir='ltr'><strong>hic</strong></span> <span class='ocrx_word' id='word_1_52' title='bbox 1707 1339 1820 1414; x_wconf 89' lang='lat' dir='ltr'><strong>latini</strong></span> <span class='ocrx_word' id='word_1_53' title='bbox 1847 1345 1951 1432; x_wconf 89' lang='lat' dir='ltr'><strong>sunt,</strong></span> <span class='ocrx_word' id='word_1_54' title='bbox 1970 1342 2008 1415; x_wconf 92' lang='lat' dir='ltr'><strong>id</strong></span> 
     </span>
     <span class='ocr_line' id='line_1_7' title="bbox 574 1462 2009 1563; baseline 0.003 -26"><span class='ocrx_word' id='word_1_55' title='bbox 574 1466 634 1537; x_wconf 90' lang='grc'><strong>661</strong></span> <span class='ocrx_word' id='word_1_56' title='bbox 660 1465 729 1559; x_wconf 93' lang='lat' dir='ltr'><strong>qui</strong></span> <span class='ocrx_word' id='word_1_57' title='bbox 754 1484 823 1538; x_wconf 90' lang='lat' dir='ltr'><strong>nec</strong></span> <span class='ocrx_word' id='word_1_58' title='bbox 850 1462 976 1538; x_wconf 89' lang='lat' dir='ltr'><strong>siriste</strong></span> <span class='ocrx_word' id='word_1_59' title='bbox 1003 1484 1072 1538; x_wconf 91' lang='lat' dir='ltr'><strong>nec</strong></span> <span class='ocrx_word' id='word_1_60' title='bbox 1099 1485 1208 1559; x_wconf 80' lang='lat' dir='ltr'><strong>grece</strong></span> <span class='ocrx_word' id='word_1_61' title='bbox 1234 1466 1439 1554; x_wconf 84' lang='lat' dir='ltr'><strong>noverunt,</strong></span> <span class='ocrx_word' id='word_1_62' title='bbox 1467 1485 1515 1538; x_wconf 91' lang='grc'><strong>66</strong></span> <span class='ocrx_word' id='word_1_63' title='bbox 1543 1464 1833 1557; x_wconf 69' lang='lat' dir='ltr'><strong>contristentur,</strong></span> <span class='ocrx_word' id='word_1_64' title='bbox 1853 1469 1894 1540; x_wconf 88' lang='lat' dir='ltr'><strong>et</strong></span> <span class='ocrx_word' id='word_1_65' title='bbox 1920 1467 2009 1563; x_wconf 90' lang='lat' dir='ltr'><strong>ipsis</strong></span> 
     </span>
     <span class='ocr_line' id='line_1_8' title="bbox 575 1587 2008 1686; baseline 0.001 -23"><span class='ocrx_word' id='word_1_66' title='bbox 575 1588 730 1686; x_wconf 76' lang='lat' dir='ltr'><strong>exponit</strong></span> <span class='ocrx_word' id='word_1_67' title='bbox 757 1587 964 1684; x_wconf 88' lang='lat' dir='ltr'><strong>episcopus,</strong></span> <span class='ocrx_word' id='word_1_68' title='bbox 993 1590 1084 1684; x_wconf 88' lang='lat' dir='ltr'><strong>quia</strong></span> <span class='ocrx_word' id='word_1_69' title='bbox 1111 1591 1203 1663; x_wconf 90' lang='lat' dir='ltr'><strong>sunt</strong></span> <span class='ocrx_word' id='word_1_70' title='bbox 1231 1589 1298 1662; x_wconf 91' lang='lat' dir='ltr'><strong>alii</strong></span> <span class='ocrx_word' id='word_1_71' title='bbox 1326 1588 1465 1663; x_wconf 88' lang='lat' dir='ltr'><strong>fratres</strong></span> <span class='ocrx_word' id='word_1_72' title='bbox 1493 1590 1534 1663; x_wconf 92' lang='grc'><strong>61</strong></span> <span class='ocrx_word' id='word_1_73' title='bbox 1561 1611 1709 1664; x_wconf 86' lang='lat' dir='ltr'><strong>sorores</strong></span> <span class='ocrx_word' id='word_1_74' title='bbox 1745 1592 1848 1686; x_wconf 82' lang='lat' dir='ltr'><strong>greci</strong></span> <span class='ocrx_word' id='word_1_75' title='bbox 1884 1591 2008 1682; x_wconf 89' lang='lat' dir='ltr'><strong>latini,</strong></span> 
     </span>
     <span class='ocr_line' id='line_1_9' title="bbox 576 1713 2010 1814; baseline 0.003 -26"><span class='ocrx_word' id='word_1_76' title='bbox 576 1714 643 1812; x_wconf 90' lang='lat' dir='ltr'><strong>qui</strong></span> <span class='ocrx_word' id='word_1_77' title='bbox 668 1713 789 1789; x_wconf 89' lang='lat' dir='ltr'><strong>latine</strong></span> <span class='ocrx_word' id='word_1_78' title='bbox 816 1717 1013 1810; x_wconf 86' lang='lat' dir='ltr'><strong>exponunt</strong></span> <span class='ocrx_word' id='word_1_79' title='bbox 1039 1714 1105 1790; x_wconf 85' lang='lat' dir='ltr'><strong>eis.</strong></span> <span class='ocrx_word' id='word_1_80' title='bbox 1134 1714 1236 1788; x_wconf 90' lang='lat' dir='ltr'><strong>Illud</strong></span> <span class='ocrx_word' id='word_1_81' title='bbox 1264 1716 1395 1790; x_wconf 91' lang='lat' dir='ltr'><strong>autem</strong></span> <span class='ocrx_word' id='word_1_82' title='bbox 1423 1715 1486 1789; x_wconf 92' lang='lat' dir='ltr'><strong>hic</strong></span> <span class='ocrx_word' id='word_1_83' title='bbox 1512 1717 1604 1791; x_wconf 89' lang='lat' dir='ltr'><strong>aute</strong></span> <span class='ocrx_word' id='word_1_84' title='bbox 1631 1715 1760 1791; x_wconf 90' lang='lat' dir='ltr'><strong>omnia</strong></span> <span class='ocrx_word' id='word_1_85' title='bbox 1786 1717 1900 1793; x_wconf 89' lang='lat' dir='ltr'><strong>valde</strong></span> <span class='ocrx_word' id='word_1_86' title='bbox 1927 1741 2010 1814; x_wconf 85' lang='lat' dir='ltr'><strong>gra·</strong></span> 
     </span>
     <span class='ocr_line' id='line_1_10' title="bbox 575 1839 2011 1940; baseline 0.002 -25"><span class='ocrx_word' id='word_1_87' title='bbox 575 1845 661 1915; x_wconf 91' lang='lat' dir='ltr'><strong>tum</strong></span> <span class='ocrx_word' id='word_1_88' title='bbox 687 1839 744 1932; x_wconf 90' lang='lat' dir='ltr'><strong>fit,</strong></span> <span class='ocrx_word' id='word_1_89' title='bbox 773 1843 814 1915; x_wconf 88' lang='lat' dir='ltr'><strong>et</strong></span> <span class='ocrx_word' id='word_1_90' title='bbox 840 1840 953 1917; x_wconf 83' lang='lat' dir='ltr'><strong>valde</strong></span> <span class='ocrx_word' id='word_1_91' title='bbox 980 1840 1239 1931; x_wconf 85' lang='lat' dir='ltr'><strong>memorabile,</strong></span> <span class='ocrx_word' id='word_1_92' title='bbox 1270 1844 1318 1914; x_wconf 92' lang='lat' dir='ltr'><strong>ut</strong></span> <span class='ocrx_word' id='word_1_93' title='bbox 1346 1861 1495 1937; x_wconf 87' lang='lat' dir='ltr'><strong>semper</strong></span> <span class='ocrx_word' id='word_1_94' title='bbox 1520 1844 1603 1914; x_wconf 92' lang='lat' dir='ltr'><strong>tam</strong></span> <span class='ocrx_word' id='word_1_95' title='bbox 1630 1842 1739 1940; x_wconf 78' lang='lat' dir='ltr'><strong>ymni</strong></span> <span class='ocrx_word' id='word_1_96' title='bbox 1765 1867 1882 1939; x_wconf 92' lang='lat' dir='ltr'><strong>quam</strong></span> <span class='ocrx_word' id='word_1_97' title='bbox 1912 1846 2011 1920; x_wconf 89' lang='lat' dir='ltr'><strong>anti·</strong></span> 
     </span>
     <span class='ocr_line' id='line_1_11' title="bbox 578 1965 2012 2064; baseline 0.003 -27"><span class='ocrx_word' id='word_1_98' title='bbox 578 1965 727 2060; x_wconf 88' lang='lat' dir='ltr'><strong>phonas</strong></span> <span class='ocrx_word' id='word_1_99' title='bbox 753 1967 795 2039; x_wconf 92' lang='grc'><strong>61</strong></span> <span class='ocrx_word' id='word_1_100' title='bbox 822 1966 1016 2057; x_wconf 88' lang='grc'><strong>166116666,</strong></span> <span class='ocrx_word' id='word_1_101' title='bbox 1044 1985 1113 2040; x_wconf 90' lang='grc'><strong>666</strong></span> <span class='ocrx_word' id='word_1_102' title='bbox 1140 1986 1217 2039; x_wconf 91' lang='grc'><strong>666</strong></span> <span class='ocrx_word' id='word_1_103' title='bbox 1244 1965 1364 2039; x_wconf 89' lang='lat' dir='ltr'><strong>etiam</strong></span> <span class='ocrx_word' id='word_1_104' title='bbox 1392 1967 1432 2039; x_wconf 91' lang='lat' dir='ltr'><strong>et</strong></span> <span class='ocrx_word' id='word_1_105' title='bbox 1459 1966 1664 2058; x_wconf 89' lang='lat' dir='ltr'><strong>orationes,</strong></span> <span class='ocrx_word' id='word_1_106' title='bbox 1693 1989 1788 2063; x_wconf 89' lang='lat' dir='ltr'><strong>quas</strong></span> <span class='ocrx_word' id='word_1_107' title='bbox 1816 1967 1919 2043; x_wconf 91' lang='lat' dir='ltr'><strong>dicet</strong></span> <span class='ocrx_word' id='word_1_108' title='bbox 1937 1968 2012 2064; x_wconf 90' lang='lat' dir='ltr'><strong>epi-</strong></span> 
     </span>
     <span class='ocr_line' id='line_1_12' title="bbox 577 2089 2011 2187; baseline 0 -22"><span class='ocrx_word' id='word_1_109' title='bbox 577 2111 722 2186; x_wconf 84' lang='lat' dir='ltr'><strong>scopus,</strong></span> <span class='ocrx_word' id='word_1_110' title='bbox 750 2091 849 2166; x_wconf 85' lang='lat' dir='ltr'><strong>tales</strong></span> <span class='ocrx_word' id='word_1_111' title='bbox 867 2089 1200 2186; x_wconf 85' lang='lat' dir='ltr'><strong>pronuntiationes</strong></span> <span class='ocrx_word' id='word_1_112' title='bbox 1224 2090 1404 2181; x_wconf 85' lang='lat' dir='ltr'><strong>habeant,</strong></span> <span class='ocrx_word' id='word_1_113' title='bbox 1431 2092 1478 2162; x_wconf 90' lang='lat' dir='ltr'><strong>ut</strong></span> <span class='ocrx_word' id='word_1_114' title='bbox 1505 2092 1546 2164; x_wconf 90' lang='lat' dir='ltr'><strong>et</strong></span> <span class='ocrx_word' id='word_1_115' title='bbox 1573 2089 1661 2182; x_wconf 89' lang='lat' dir='ltr'><strong>diei,</strong></span> <span class='ocrx_word' id='word_1_116' title='bbox 1690 2092 1757 2187; x_wconf 92' lang='lat' dir='ltr'><strong>qui</strong></span> <span class='ocrx_word' id='word_1_117' title='bbox 1783 2093 2011 2185; x_wconf 90' lang='lat' dir='ltr'><strong>celebratur,</strong></span> 
     </span>
     <span class='ocr_line' id='line_1_13' title="bbox 577 2213 1892 2314; baseline 0.002 -24"><span class='ocrx_word' id='word_1_118' title='bbox 577 2219 617 2290; x_wconf 90' lang='lat' dir='ltr'><strong>et</strong></span> <span class='ocrx_word' id='word_1_119' title='bbox 643 2215 739 2308; x_wconf 92' lang='lat' dir='ltr'><strong>loco,</strong></span> <span class='ocrx_word' id='word_1_120' title='bbox 767 2217 808 2289; x_wconf 90' lang='lat' dir='ltr'><strong>in</strong></span> <span class='ocrx_word' id='word_1_121' title='bbox 835 2238 910 2311; x_wconf 90' lang='lat' dir='ltr'><strong>quo</strong></span> <span class='ocrx_word' id='word_1_122' title='bbox 938 2217 1079 2311; x_wconf 87' lang='lat' dir='ltr'><strong>agitur,</strong></span> <span class='ocrx_word' id='word_1_123' title='bbox 1109 2219 1223 2312; x_wconf 87' lang='lat' dir='ltr'><strong>aptae</strong></span> <span class='ocrx_word' id='word_1_124' title='bbox 1251 2218 1291 2290; x_wconf 90' lang='lat' dir='ltr'><strong>et</strong></span> <span class='ocrx_word' id='word_1_125' title='bbox 1318 2213 1586 2290; x_wconf 89' lang='lat' dir='ltr'><strong>convenientes</strong></span> <span class='ocrx_word' id='word_1_126' title='bbox 1614 2219 1706 2290; x_wconf 92' lang='lat' dir='ltr'><strong>sunt</strong></span> <span class='ocrx_word' id='word_1_127' title='bbox 1732 2238 1892 2314; x_wconf 88' lang='lat' dir='ltr'><strong>semper.</strong></span> 
     </span>
     <span class='ocr_line' id='line_1_14' title="bbox 657 2338 2013 2439; baseline 0.001 -23"><span class='ocrx_word' id='word_1_128' title='bbox 657 2341 758 2416; x_wconf 92' lang='lat' dir='ltr'><strong>Item</strong></span> <span class='ocrx_word' id='word_1_129' title='bbox 777 2341 857 2416; x_wconf 88' lang='grc'><strong>1166</strong></span> <span class='ocrx_word' id='word_1_130' title='bbox 873 2341 1116 2416; x_wconf 88' lang='lat' dir='ltr'><strong>enceniarum</strong></span> <span class='ocrx_word' id='word_1_131' title='bbox 1135 2340 1392 2435; x_wconf 85' lang='lat' dir='ltr'><strong>appellantur,</strong></span> <span class='ocrx_word' id='word_1_132' title='bbox 1413 2338 1565 2434; x_wconf 92' lang='lat' dir='ltr'><strong>quando</strong></span> <span class='ocrx_word' id='word_1_133' title='bbox 1580 2343 1714 2415; x_wconf 89' lang='lat' dir='ltr'><strong>sancta</strong></span> <span class='ocrx_word' id='word_1_134' title='bbox 1728 2341 1898 2432; x_wconf 90' lang='lat' dir='ltr'><strong>ecclesia,</strong></span> <span class='ocrx_word' id='word_1_135' title='bbox 1914 2366 2013 2439; x_wconf 89' lang='lat' dir='ltr'><strong>quae</strong></span> 
     </span>
     <span class='ocr_line' id='line_1_15' title="bbox 576 2464 2012 2563; baseline 0.001 -22"><span class='ocrx_word' id='word_1_136' title='bbox 576 2469 617 2541; x_wconf 92' lang='lat' dir='ltr'><strong>in</strong></span> <span class='ocrx_word' id='word_1_137' title='bbox 646 2466 837 2563; x_wconf 78' lang='lat' dir='ltr'><strong>Golgotha</strong></span> <span class='ocrx_word' id='word_1_138' title='bbox 864 2468 935 2557; x_wconf 89' lang='lat' dir='ltr'><strong>est,</strong></span> <span class='ocrx_word' id='word_1_139' title='bbox 963 2489 1079 2561; x_wconf 91' lang='lat' dir='ltr'><strong>quam</strong></span> <span class='ocrx_word' id='word_1_140' title='bbox 1107 2464 1336 2560; x_wconf 85' lang='lat' dir='ltr'><strong>Martyrium</strong></span> <span class='ocrx_word' id='word_1_141' title='bbox 1367 2466 1517 2553; x_wconf 87' lang='lat' dir='ltr'><strong>vocant,</strong></span> <span class='ocrx_word' id='word_1_142' title='bbox 1555 2469 1775 2539; x_wconf 87' lang='lat' dir='ltr'><strong>consecrata</strong></span> <span class='ocrx_word' id='word_1_143' title='bbox 1812 2469 1873 2542; x_wconf 90' lang='lat' dir='ltr'><strong>est</strong></span> <span class='ocrx_word' id='word_1_144' title='bbox 1910 2468 2012 2544; x_wconf 92' lang='lat' dir='ltr'><strong>Deo:</strong></span> 
     </span>
     <span class='ocr_line' id='line_1_16' title="bbox 577 2588 2011 2686; baseline -0.001 -19"><span class='ocrx_word' id='word_1_145' title='bbox 577 2593 644 2668; x_wconf 88' lang='lat' dir='ltr'><strong>sed</strong></span> <span class='ocrx_word' id='word_1_146' title='bbox 671 2593 871 2666; x_wconf 88' lang='grc'><strong>61666616</strong></span> <span class='ocrx_word' id='word_1_147' title='bbox 898 2590 1067 2681; x_wconf 90' lang='lat' dir='ltr'><strong>ecclesia,</strong></span> <span class='ocrx_word' id='word_1_148' title='bbox 1096 2611 1195 2686; x_wconf 92' lang='lat' dir='ltr'><strong>quae</strong></span> <span class='ocrx_word' id='word_1_149' title='bbox 1222 2591 1282 2664; x_wconf 89' lang='grc'><strong>661</strong></span> <span class='ocrx_word' id='word_1_150' title='bbox 1309 2589 1358 2664; x_wconf 89' lang='grc'><strong>61</strong></span> <span class='ocrx_word' id='word_1_151' title='bbox 1385 2588 1585 2678; x_wconf 75' lang='grc'><strong>16661666,</strong></span> <span class='ocrx_word' id='word_1_152' title='bbox 1614 2589 1655 2662; x_wconf 91' lang='grc'><strong>11</strong></span> <span class='ocrx_word' id='word_1_153' title='bbox 1682 2594 1742 2664; x_wconf 90' lang='lat' dir='ltr'><strong>est</strong></span> <span class='ocrx_word' id='word_1_154' title='bbox 1768 2591 1809 2664; x_wconf 92' lang='grc'><strong>16</strong></span> <span class='ocrx_word' id='word_1_155' title='bbox 1837 2613 1882 2667; x_wconf 91' lang='lat' dir='ltr'><strong>eo</strong></span> <span class='ocrx_word' id='word_1_156' title='bbox 1916 2593 2011 2684; x_wconf 92' lang='lat' dir='ltr'><strong>loco,</strong></span> 
     </span>
     <span class='ocr_line' id='line_1_17' title="bbox 575 2710 2016 2810; baseline 0.006 -28"><span class='ocrx_word' id='word_1_157' title='bbox 575 2716 646 2790; x_wconf 73' lang='lat' dir='ltr'><strong>‚ubi</strong></span> <span class='ocrx_word' id='word_1_158' title='bbox 663 2715 851 2790; x_wconf 87' lang='lat' dir='ltr'><strong>Dominus</strong></span> <span class='ocrx_word' id='word_1_159' title='bbox 869 2715 1079 2790; x_wconf 84' lang='lat' dir='ltr'><strong>resurrexit</strong></span> <span class='ocrx_word' id='word_1_160' title='bbox 1095 2717 1183 2810; x_wconf 89' lang='lat' dir='ltr'><strong>post</strong></span> <span class='ocrx_word' id='word_1_161' title='bbox 1199 2714 1426 2809; x_wconf 86' lang='lat' dir='ltr'><strong>passionem,</strong></span> <span class='ocrx_word' id='word_1_162' title='bbox 1451 2733 1496 2786; x_wconf 91' lang='lat' dir='ltr'><strong>ea</strong></span> <span class='ocrx_word' id='word_1_163' title='bbox 1525 2710 1585 2786; x_wconf 92' lang='lat' dir='ltr'><strong>die</strong></span> <span class='ocrx_word' id='word_1_164' title='bbox 1614 2716 1655 2787; x_wconf 95' lang='grc'><strong>61</strong></span> <span class='ocrx_word' id='word_1_165' title='bbox 1681 2714 1766 2810; x_wconf 87' lang='lat' dir='ltr'><strong>ipsa</strong></span> <span class='ocrx_word' id='word_1_166' title='bbox 1793 2721 2016 2791; x_wconf 84' lang='lat' dir='ltr'><strong>consecrata</strong></span> 
     </span>
     <span class='ocr_line' id='line_1_18' title="bbox 580 2831 2016 2935; baseline -0.001 -18"><span class='ocrx_word' id='word_1_167' title='bbox 580 2845 639 2917; x_wconf 89' lang='grc'><strong>661</strong></span> <span class='ocrx_word' id='word_1_168' title='bbox 657 2840 737 2916; x_wconf 90' lang='grc'><strong>1166</strong></span> <span class='ocrx_word' id='word_1_169' title='bbox 751 2831 777 2914; x_wconf 75' lang='lat'><strong>².</strong></span> <span class='ocrx_word' id='word_1_170' title='bbox 797 2839 946 2914; x_wconf 91' lang='lat' dir='ltr'><strong>Harum</strong></span> <span class='ocrx_word' id='word_1_171' title='bbox 964 2861 1054 2935; x_wconf 85' lang='lat' dir='ltr'><strong>ergo</strong></span> <span class='ocrx_word' id='word_1_172' title='bbox 1082 2839 1324 2914; x_wconf 85' lang='lat' dir='ltr'><strong>ecclesiarum</strong></span> <span class='ocrx_word' id='word_1_173' title='bbox 1348 2839 1567 2911; x_wconf 87' lang='lat' dir='ltr'><strong>sanctarum</strong></span> <span class='ocrx_word' id='word_1_174' title='bbox 1586 2839 1743 2913; x_wconf 87' lang='lat' dir='ltr'><strong>encenia</strong></span> <span class='ocrx_word' id='word_1_175' title='bbox 1761 2861 1848 2914; x_wconf 90' lang='lat' dir='ltr'><strong>cum</strong></span> <span class='ocrx_word' id='word_1_176' title='bbox 1868 2862 2016 2915; x_wconf 87' lang='lat' dir='ltr'><strong>summo</strong></span> 
     </span>
     <span class='ocr_line' id='line_1_19' title="bbox 580 2962 2015 3062; baseline -0.001 -22"><span class='ocrx_word' id='word_1_177' title='bbox 580 2967 725 3042; x_wconf 88' lang='lat' dir='ltr'><strong>honore</strong></span> <span class='ocrx_word' id='word_1_178' title='bbox 751 2965 1015 3041; x_wconf 86' lang='lat' dir='ltr'><strong>celebrantur:</strong></span> <span class='ocrx_word' id='word_1_179' title='bbox 1045 2964 1226 3062; x_wconf 90' lang='lat' dir='ltr'><strong>quoniam</strong></span> <span class='ocrx_word' id='word_1_180' title='bbox 1254 2985 1348 3038; x_wconf 87' lang='lat' dir='ltr'><strong>crux</strong></span> <span class='ocrx_word' id='word_1_181' title='bbox 1375 2962 1529 3036; x_wconf 89' lang='lat' dir='ltr'><strong>Domini</strong></span> <span class='ocrx_word' id='word_1_182' title='bbox 1556 2963 1714 3039; x_wconf 91' lang='lat' dir='ltr'><strong>inventa</strong></span> <span class='ocrx_word' id='word_1_183' title='bbox 1740 2967 1802 3038; x_wconf 93' lang='grc'><strong>661</strong></span> <span class='ocrx_word' id='word_1_184' title='bbox 1827 2964 1910 3061; x_wconf 89' lang='lat' dir='ltr'><strong>ipsa</strong></span> <span class='ocrx_word' id='word_1_185' title='bbox 1943 2965 2015 3040; x_wconf 89' lang='lat' dir='ltr'><strong>die.</strong></span> 
     </span>
     <span class='ocr_line' id='line_1_20' title="bbox 580 3088 2017 3186; baseline -0.001 -20"><span class='ocrx_word' id='word_1_186' title='bbox 580 3092 632 3166; x_wconf 87' lang='grc'><strong>111</strong></span> <span class='ocrx_word' id='word_1_187' title='bbox 658 3090 743 3167; x_wconf 88' lang='grc'><strong>1166</strong></span> <span class='ocrx_word' id='word_1_188' title='bbox 771 3095 927 3186; x_wconf 90' lang='lat' dir='ltr'><strong>propter</strong></span> <span class='ocrx_word' id='word_1_189' title='bbox 945 3092 1016 3166; x_wconf 93' lang='lat' dir='ltr'><strong>hoc</strong></span> <span class='ocrx_word' id='word_1_190' title='bbox 1035 3093 1092 3165; x_wconf 91' lang='grc'><strong>116</strong></span> <span class='ocrx_word' id='word_1_191' title='bbox 1110 3089 1330 3164; x_wconf 89' lang='lat' dir='ltr'><strong>ordinatum</strong></span> <span class='ocrx_word' id='word_1_192' title='bbox 1349 3090 1420 3178; x_wconf 90' lang='lat' dir='ltr'><strong>est,</strong></span> <span class='ocrx_word' id='word_1_193' title='bbox 1441 3089 1486 3160; x_wconf 90' lang='lat' dir='ltr'><strong>ut</strong></span> <span class='ocrx_word' id='word_1_194' title='bbox 1503 3088 1657 3183; x_wconf 90' lang='lat' dir='ltr'><strong>quando</strong></span> <span class='ocrx_word' id='word_1_195' title='bbox 1677 3089 1844 3184; x_wconf 87' lang='lat' dir='ltr'><strong>primum</strong></span> <span class='ocrx_word' id='word_1_196' title='bbox 1863 3093 2017 3164; x_wconf 88' lang='grc'><strong>6666166</strong></span> 
     </span>
     <span class='ocr_line' id='line_1_21' title="bbox 582 3213 2019 3312; baseline -0.001 -23"><span class='ocrx_word' id='word_1_197' title='bbox 582 3215 760 3291; x_wconf 88' lang='lat' dir='ltr'><strong>ecclesiae</strong></span> <span class='ocrx_word' id='word_1_198' title='bbox 786 3217 1065 3312; x_wconf 84' lang='lat' dir='ltr'><strong>suprascriptae</strong></span> <span class='ocrx_word' id='word_1_199' title='bbox 1099 3214 1433 3302; x_wconf 88' lang='lat' dir='ltr'><strong>consecrabantur,</strong></span> <span class='ocrx_word' id='word_1_200' title='bbox 1472 3233 1518 3286; x_wconf 90' lang='lat' dir='ltr'><strong>ea</strong></span> <span class='ocrx_word' id='word_1_201' title='bbox 1554 3213 1633 3288; x_wconf 86' lang='lat' dir='ltr'><strong>dies</strong></span> <span class='ocrx_word' id='word_1_202' title='bbox 1669 3216 1780 3304; x_wconf 90' lang='lat' dir='ltr'><strong>asset,</strong></span> <span class='ocrx_word' id='word_1_203' title='bbox 1820 3237 1897 3311; x_wconf 89' lang='lat' dir='ltr'><strong>qua</strong></span> <span class='ocrx_word' id='word_1_204' title='bbox 1930 3237 2019 3290; x_wconf 83' lang='lat' dir='ltr'><strong>crux</strong></span> 
     </span>
     <span class='ocr_line' id='line_1_22' title="bbox 582 3331 2018 3431; baseline -0.001 -17"><span class='ocrx_word' id='word_1_205' title='bbox 582 3341 736 3416; x_wconf 86' lang='lat' dir='ltr'><strong>Domini</strong></span> <span class='ocrx_word' id='word_1_206' title='bbox 764 3341 892 3416; x_wconf 88' lang='lat' dir='ltr'><strong>fuerat</strong></span> <span class='ocrx_word' id='word_1_207' title='bbox 908 3342 1068 3417; x_wconf 88' lang='lat' dir='ltr'><strong>inventa</strong></span> <span class='ocrx_word' id='word_1_208' title='bbox 1081 3331 1106 3431; x_wconf 88' lang='lat'><strong>³,</strong></span> <span class='ocrx_word' id='word_1_209' title='bbox 1126 3343 1167 3416; x_wconf 89' lang='grc'><strong>61</strong></span> <span class='ocrx_word' id='word_1_210' title='bbox 1186 3337 1300 3412; x_wconf 87' lang='lat' dir='ltr'><strong>simul</strong></span> <span class='ocrx_word' id='word_1_211' title='bbox 1327 3336 1431 3412; x_wconf 89' lang='lat' dir='ltr'><strong>omni</strong></span> <span class='ocrx_word' id='word_1_212' title='bbox 1449 3335 1601 3411; x_wconf 89' lang='lat' dir='ltr'><strong>laetitia</strong></span> <span class='ocrx_word' id='word_1_213' title='bbox 1619 3337 1753 3413; x_wconf 87' lang='lat' dir='ltr'><strong>eadem</strong></span> <span class='ocrx_word' id='word_1_214' title='bbox 1773 3339 1834 3415; x_wconf 90' lang='grc'><strong>116</strong></span> <span class='ocrx_word' id='word_1_215' title='bbox 1852 3339 2018 3414; x_wconf 89' lang='lat' dir='ltr'><strong>celebra·</strong></span> 
     </span>
    </p>
   </div>
   <div class='ocr_carea' id='block_1_3' title="bbox 549 3582 2151 5526">
    <p class='ocr_par' dir='ltr' id='par_1_3' title="bbox 581 3582 2022 4056">
     <span class='ocr_line' id='line_1_23' title="bbox 663 3582 2022 3664; baseline 0 -18"><span class='ocrx_word' id='word_1_216' title='bbox 663 3585 1114 3663; x_wconf 75' lang='grc'><strong>11166661666661661666116</strong></span> <span class='ocrx_word' id='word_1_217' title='bbox 1139 3589 1232 3646; x_wconf 87' lang='lat' dir='ltr'><strong>antea</strong></span> <span class='ocrx_word' id='word_1_218' title='bbox 1254 3582 1364 3661; x_wconf 81' lang='lat' dir='ltr'><strong>lingua</strong></span> <span class='ocrx_word' id='word_1_219' title='bbox 1387 3602 1499 3660; x_wconf 83' lang='lat' dir='ltr'><strong>graeca</strong></span> <span class='ocrx_word' id='word_1_220' title='bbox 1523 3583 1562 3644; x_wconf 88' lang='lat' dir='ltr'><strong>ab</strong></span> <span class='ocrx_word' id='word_1_221' title='bbox 1590 3582 1722 3644; x_wconf 88' lang='lat' dir='ltr'><strong>ecclesia</strong></span> <span class='ocrx_word' id='word_1_222' title='bbox 1746 3583 2022 3664; x_wconf 82' lang='lat' dir='ltr'><strong>hierosolymitana</strong></span> 
     </span>
     <span class='ocr_line' id='line_1_24' title="bbox 582 3680 2022 3763; baseline -0.001 -17"><span class='ocrx_word' id='word_1_223' title='bbox 582 3682 788 3746; x_wconf 82' lang='lat' dir='ltr'><strong>adhibebatur</strong></span> <span class='ocrx_word' id='word_1_224' title='bbox 807 3683 839 3744; x_wconf 92' lang='lat' dir='ltr'><strong>in</strong></span> <span class='ocrx_word' id='word_1_225' title='bbox 859 3685 966 3745; x_wconf 86' lang='lat' dir='ltr'><strong>sacris.</strong></span> <span class='ocrx_word' id='word_1_226' title='bbox 988 3682 1105 3744; x_wconf 78' lang='lat' dir='ltr'><strong>Graece</strong></span> <span class='ocrx_word' id='word_1_227' title='bbox 1126 3681 1243 3763; x_wconf 87' lang='lat' dir='ltr'><strong>scripta</strong></span> <span class='ocrx_word' id='word_1_228' title='bbox 1263 3688 1313 3743; x_wconf 87' lang='grc'><strong>661</strong></span> <span class='ocrx_word' id='word_1_229' title='bbox 1332 3681 1460 3760; x_wconf 79' lang='lat' dir='ltr'><strong>liturgia</strong></span> <span class='ocrx_word' id='word_1_230' title='bbox 1481 3680 1513 3742; x_wconf 84' lang='lat' dir='ltr'><strong>S.</strong></span> <span class='ocrx_word' id='word_1_231' title='bbox 1533 3680 1640 3741; x_wconf 87' lang='lat' dir='ltr'><strong>Iacobi</strong></span> <span class='ocrx_word' id='word_1_232' title='bbox 1667 3681 1811 3759; x_wconf 90' lang='lat' dir='ltr'><strong>minoris,</strong></span> <span class='ocrx_word' id='word_1_233' title='bbox 1833 3702 1944 3760; x_wconf 84' lang='lat' dir='ltr'><strong>graece</strong></span> <span class='ocrx_word' id='word_1_234' title='bbox 1965 3681 2022 3762; x_wconf 84' lang='lat' dir='ltr'><strong>Cy·</strong></span> 
     </span>
     <span class='ocr_line' id='line_1_25' title="bbox 581 3776 2021 3859; baseline -0.001 -18"><span class='ocrx_word' id='word_1_235' title='bbox 581 3780 672 3842; x_wconf 85' lang='lat' dir='ltr'><strong>rillus</strong></span> <span class='ocrx_word' id='word_1_236' title='bbox 692 3777 936 3856; x_wconf 83' lang='lat' dir='ltr'><strong>concionabatur,</strong></span> <span class='ocrx_word' id='word_1_237' title='bbox 958 3799 1069 3858; x_wconf 83' lang='lat' dir='ltr'><strong>graece</strong></span> <span class='ocrx_word' id='word_1_238' title='bbox 1089 3779 1225 3859; x_wconf 86' lang='lat' dir='ltr'><strong>episcopi</strong></span> <span class='ocrx_word' id='word_1_239' title='bbox 1245 3777 1512 3856; x_wconf 87' lang='lat' dir='ltr'><strong>hierosolymitani</strong></span> <span class='ocrx_word' id='word_1_240' title='bbox 1526 3776 1727 3856; x_wconf 89' lang='lat' dir='ltr'><strong>scripserunt.</strong></span> <span class='ocrx_word' id='word_1_241' title='bbox 1749 3777 1819 3850; x_wconf 78' lang='lat' dir='ltr'><strong>Qus</strong></span> <span class='ocrx_word' id='word_1_242' title='bbox 1839 3777 1878 3839; x_wconf 91' lang='lat' dir='ltr'><strong>de</strong></span> <span class='ocrx_word' id='word_1_243' title='bbox 1894 3799 1929 3840; x_wconf 91' lang='lat' dir='ltr'><strong>re</strong></span> <span class='ocrx_word' id='word_1_244' title='bbox 1949 3777 2021 3839; x_wconf 87' lang='lat' dir='ltr'><strong>vide</strong></span> 
     </span>
     <span class='ocr_line' id='line_1_26' title="bbox 582 3875 2022 3957; baseline -0.001 -17"><span class='ocrx_word' id='word_1_245' title='bbox 582 3877 819 3956; x_wconf 87' lang='lat' dir='ltr'><strong>Renaudotium,</strong></span> <span class='ocrx_word' id='word_1_246' title='bbox 840 3875 879 3939; x_wconf 90' lang='lat' dir='ltr'><strong>de</strong></span> <span class='ocrx_word' id='word_1_247' title='bbox 899 3877 1050 3957; x_wconf 85' lang='lat' dir='ltr'><strong>Liturgiis</strong></span> <span class='ocrx_word' id='word_1_248' title='bbox 1072 3877 1281 3955; x_wconf 67' lang='lat' dir='ltr'><strong>orientalium</strong></span> <span class='ocrx_word' id='word_1_249' title='bbox 1302 3877 1543 3953; x_wconf 79' lang='lat' dir='ltr'><strong>Tillemontium,</strong></span> <span class='ocrx_word' id='word_1_250' title='bbox 1558 3875 1718 3937; x_wconf 74' lang='grc'><strong>1166661666</strong></span> <span class='ocrx_word' id='word_1_251' title='bbox 1739 3875 1794 3937; x_wconf 85' lang='grc'><strong>11</strong></span> <span class='ocrx_word' id='word_1_252' title='bbox 1813 3876 2022 3938; x_wconf 63' lang='grc'><strong>1611666116</strong></span> 
     </span>
     <span class='ocr_line' id='line_1_27' title="bbox 583 3975 1571 4056; baseline -0.006 -16"><span class='ocrx_word' id='word_1_253' title='bbox 583 3979 717 4055; x_wconf 87' lang='lat' dir='ltr'><strong>minore;</strong></span> <span class='ocrx_word' id='word_1_254' title='bbox 738 3977 890 4056; x_wconf 86' lang='lat' dir='ltr'><strong>Lamium,</strong></span> <span class='ocrx_word' id='word_1_255' title='bbox 911 3977 960 4038; x_wconf 93' lang='grc'><strong>116</strong></span> <span class='ocrx_word' id='word_1_256' title='bbox 982 3977 1155 4039; x_wconf 87' lang='lat' dir='ltr'><strong>eruditione</strong></span> <span class='ocrx_word' id='word_1_257' title='bbox 1177 3976 1408 4055; x_wconf 87' lang='lat' dir='ltr'><strong>Apostolorum,</strong></span> <span class='ocrx_word' id='word_1_258' title='bbox 1430 3982 1463 4036; x_wconf 93' lang='lat' dir='ltr'><strong>et</strong></span> <span class='ocrx_word' id='word_1_259' title='bbox 1483 3975 1571 4036; x_wconf 90' lang='lat' dir='ltr'><strong>alios.</strong></span> 
     </span>
    </p>

    <p class='ocr_par' dir='ltr' id='par_1_4' title="bbox 663 4071 2023 4154">
     <span class='ocr_line' id='line_1_28' title="bbox 663 4071 2023 4154; baseline -0.004 -16"><span class='ocrx_word' id='word_1_260' title='bbox 663 4076 676 4113; x_wconf 69' lang='lat'>2</span> <span class='ocrx_word' id='word_1_261' title='bbox 689 4077 819 4138; x_wconf 74' lang='grc'><strong>1661661</strong></span> <span class='ocrx_word' id='word_1_262' title='bbox 840 4077 1062 4138; x_wconf 81' lang='lat' dir='ltr'><strong>Dncaaniarum</strong></span> <span class='ocrx_word' id='word_1_263' title='bbox 1083 4075 1282 4138; x_wconf 88' lang='lat' dir='ltr'><strong>ecclesiarum</strong></span> <span class='ocrx_word' id='word_1_264' title='bbox 1296 4074 1637 4154; x_wconf 82' lang='lat' dir='ltr'><strong>hierosolymitanamm</strong></span> <span class='ocrx_word' id='word_1_265' title='bbox 1652 4072 1703 4135; x_wconf 91' lang='lat' dir='ltr'><strong>die</strong></span> <span class='ocrx_word' id='word_1_266' title='bbox 1716 4072 1837 4134; x_wconf 91' lang='lat' dir='ltr'><strong>decima</strong></span> <span class='ocrx_word' id='word_1_267' title='bbox 1850 4071 1944 4133; x_wconf 85' lang='lat' dir='ltr'><strong>tertia</strong></span> <span class='ocrx_word' id='word_1_268' title='bbox 1957 4091 2023 4149; x_wconf 88' lang='lat' dir='ltr'><strong>sep·</strong></span> 
     </span>
    </p>

    <p class='ocr_par' dir='ltr' id='par_1_5' title="bbox 549 4169 2023 4451">
     <span class='ocr_line' id='line_1_29' title="bbox 549 4169 2023 4254; baseline -0.002 -22"><span class='ocrx_word' id='word_1_269' title='bbox 549 4225 552 4232; x_wconf 94' lang='lat'><em>.</em></span> <span class='ocrx_word' id='word_1_270' title='bbox 584 4177 712 4238; x_wconf 87' lang='lat' dir='ltr'><strong>tembris</strong></span> <span class='ocrx_word' id='word_1_271' title='bbox 733 4176 899 4254; x_wconf 89' lang='lat' dir='ltr'><strong>quotannis</strong></span> <span class='ocrx_word' id='word_1_272' title='bbox 920 4176 1107 4238; x_wconf 87' lang='lat' dir='ltr'><strong>recurrebat.</strong></span> <span class='ocrx_word' id='word_1_273' title='bbox 1130 4175 1200 4249; x_wconf 83' lang='lat' dir='ltr'><strong>Qua</strong></span> <span class='ocrx_word' id='word_1_274' title='bbox 1220 4173 1259 4235; x_wconf 93' lang='lat' dir='ltr'><strong>de</strong></span> <span class='ocrx_word' id='word_1_275' title='bbox 1278 4195 1312 4236; x_wconf 90' lang='lat' dir='ltr'><strong>re</strong></span> <span class='ocrx_word' id='word_1_276' title='bbox 1331 4174 1404 4236; x_wconf 86' lang='lat' dir='ltr'><strong>vide</strong></span> <span class='ocrx_word' id='word_1_277' title='bbox 1424 4173 1586 4235; x_wconf 88' lang='lat' dir='ltr'><strong>Valesium</strong></span> <span class='ocrx_word' id='word_1_278' title='bbox 1612 4171 1646 4232; x_wconf 90' lang='lat' dir='ltr'><strong>in</strong></span> <span class='ocrx_word' id='word_1_279' title='bbox 1669 4171 1753 4232; x_wconf 90' lang='grc'><strong>66116</strong></span> <span class='ocrx_word' id='word_1_280' title='bbox 1778 4169 1818 4230; x_wconf 87' lang='grc'><strong>61</strong></span> <span class='ocrx_word' id='word_1_281' title='bbox 1840 4169 1954 4231; x_wconf 81' lang='lat' dir='ltr'><strong>Euseb.</strong></span> <span class='ocrx_word' id='word_1_282' title='bbox 1974 4169 2023 4230; x_wconf 91' lang='lat' dir='ltr'><strong>De</strong></span> 
     </span>
     <span class='ocr_line' id='line_1_30' title="bbox 584 4265 2022 4351; baseline -0.008 -14"><span class='ocrx_word' id='word_1_283' title='bbox 584 4275 650 4337; x_wconf 76' lang='lat' dir='ltr'><strong>vica</strong></span> <span class='ocrx_word' id='word_1_284' title='bbox 671 4272 869 4336; x_wconf 78' lang='lat' dir='ltr'><strong>Constantini</strong></span> <span class='ocrx_word' id='word_1_285' title='bbox 888 4273 908 4334; x_wconf 92' lang='lat' dir='ltr'><strong>l.</strong></span> <span class='ocrx_word' id='word_1_286' title='bbox 929 4273 986 4350; x_wconf 94' lang='lat' dir='ltr'><strong>IV,</strong></span> <span class='ocrx_word' id='word_1_287' title='bbox 1007 4293 1073 4351; x_wconf 90' lang='lat' dir='ltr'><strong>cap.</strong></span> <span class='ocrx_word' id='word_1_288' title='bbox 1093 4273 1142 4333; x_wconf 88' lang='grc'><strong>46.</strong></span> <span class='ocrx_word' id='word_1_289' title='bbox 1164 4271 1256 4333; x_wconf 84' lang='lat' dir='ltr'><strong>Adde</strong></span> <span class='ocrx_word' id='word_1_290' title='bbox 1271 4271 1365 4333; x_wconf 90' lang='lat' dir='ltr'><strong>etiam</strong></span> <span class='ocrx_word' id='word_1_291' title='bbox 1379 4269 1602 4331; x_wconf 85' lang='lat' dir='ltr'><strong>Kalendarium</strong></span> <span class='ocrx_word' id='word_1_292' title='bbox 1616 4269 1690 4329; x_wconf 92' lang='lat' dir='ltr'><strong>eccl.</strong></span> <span class='ocrx_word' id='word_1_293' title='bbox 1706 4267 1867 4346; x_wconf 83' lang='lat' dir='ltr'><strong>Syriacae:</strong></span> <span class='ocrx_word' id='word_1_294' title='bbox 1883 4265 2022 4344; x_wconf 84' lang='lat' dir='ltr'><strong>Septem·</strong></span> 
     </span>
     <span class='ocr_line' id='line_1_31' title="bbox 584 4366 1636 4451; baseline -0.008 -17"><span class='ocrx_word' id='word_1_295' title='bbox 584 4371 650 4434; x_wconf 89' lang='lat' dir='ltr'><strong>bris</strong></span> <span class='ocrx_word' id='word_1_296' title='bbox 672 4373 719 4451; x_wconf 83' lang='lat'><strong>13,</strong></span> <span class='ocrx_word' id='word_1_297' title='bbox 741 4370 896 4432; x_wconf 81' lang='grc'><strong>1166661616</strong></span> <span class='ocrx_word' id='word_1_298' title='bbox 915 4370 1025 4449; x_wconf 91' lang='lat' dir='ltr'><strong>templi</strong></span> <span class='ocrx_word' id='word_1_299' title='bbox 1045 4369 1256 4446; x_wconf 66' lang='lat' dir='ltr'><strong>Hierusalem</strong></span> <span class='ocrx_word' id='word_1_300' title='bbox 1280 4367 1495 4428; x_wconf 83' lang='grc'><strong>141166116116</strong></span> <span class='ocrx_word' id='word_1_301' title='bbox 1516 4366 1636 4427; x_wconf 80' lang='lat' dir='ltr'><strong>Crucis.</strong></span> 
     </span>
    </p>

    <p class='ocr_par' dir='ltr' id='par_1_6' title="bbox 586 4461 2151 5526">
     <span class='ocr_line' id='line_1_32' title="bbox 665 4461 2024 4533; baseline -0.007 0"><span class='ocrx_word' id='word_1_302' title='bbox 665 4469 820 4533; x_wconf 77' lang='lat' dir='ltr'><strong>³Festum</strong></span> <span class='ocrx_word' id='word_1_303' title='bbox 838 4469 1028 4533; x_wconf 86' lang='lat' dir='ltr'><strong>inventionis</strong></span> <span class='ocrx_word' id='word_1_304' title='bbox 1055 4477 1179 4530; x_wconf 88' lang='lat' dir='ltr'><strong>sanctae</strong></span> <span class='ocrx_word' id='word_1_305' title='bbox 1208 4467 1317 4528; x_wconf 84' lang='grc'><strong>(166616</strong></span> <span class='ocrx_word' id='word_1_306' title='bbox 1344 4467 1377 4526; x_wconf 89' lang='grc'><strong>16</strong></span> <span class='ocrx_word' id='word_1_307' title='bbox 1404 4465 1536 4528; x_wconf 88' lang='lat' dir='ltr'><strong>ecclesia</strong></span> <span class='ocrx_word' id='word_1_308' title='bbox 1564 4464 1745 4526; x_wconf 87' lang='lat' dir='ltr'><strong>occidentali</strong></span> <span class='ocrx_word' id='word_1_309' title='bbox 1773 4463 1946 4525; x_wconf 88' lang='lat' dir='ltr'><strong>celebratur</strong></span> <span class='ocrx_word' id='word_1_310' title='bbox 1972 4461 2024 4524; x_wconf 88' lang='lat' dir='ltr'><strong>die</strong></span> 
     </span>
     <span class='ocr_line' id='line_1_33' title="bbox 588 4558 2025 4646; baseline -0.008 -17"><span class='ocrx_word' id='word_1_311' title='bbox 588 4567 682 4629; x_wconf 90' lang='lat' dir='ltr'><strong>tertia</strong></span> <span class='ocrx_word' id='word_1_312' title='bbox 701 4568 784 4646; x_wconf 87' lang='lat' dir='ltr'><strong>maii,</strong></span> <span class='ocrx_word' id='word_1_313' title='bbox 805 4566 892 4628; x_wconf 87' lang='lat' dir='ltr'><strong>cuius</strong></span> <span class='ocrx_word' id='word_1_314' title='bbox 912 4566 959 4628; x_wconf 90' lang='lat' dir='ltr'><strong>rei</strong></span> <span class='ocrx_word' id='word_1_315' title='bbox 980 4565 1072 4627; x_wconf 88' lang='grc'><strong>166116</strong></span> <span class='ocrx_word' id='word_1_316' title='bbox 1093 4565 1246 4644; x_wconf 90' lang='lat' dir='ltr'><strong>antiquior</strong></span> <span class='ocrx_word' id='word_1_317' title='bbox 1266 4563 1355 4626; x_wconf 88' lang='lat' dir='ltr'><strong>Beda</strong></span> <span class='ocrx_word' id='word_1_318' title='bbox 1373 4583 1435 4624; x_wconf 92' lang='lat' dir='ltr'><strong>non</strong></span> <span class='ocrx_word' id='word_1_319' title='bbox 1456 4568 1608 4642; x_wconf 89' lang='lat' dir='ltr'><strong>superest.</strong></span> <span class='ocrx_word' id='word_1_320' title='bbox 1631 4561 1773 4641; x_wconf 77' lang='lat' dir='ltr'><strong>Epistola</strong></span> <span class='ocrx_word' id='word_1_321' title='bbox 1793 4561 1874 4622; x_wconf 90' lang='lat' dir='ltr'><strong>enim</strong></span> <span class='ocrx_word' id='word_1_322' title='bbox 1895 4558 2025 4622; x_wconf 82' lang='lat' dir='ltr'><strong>Eusebii</strong></span> 
     </span>
     <span class='ocr_line' id='line_1_34' title="bbox 586 4658 2027 4746; baseline -0.007 -18"><span class='ocrx_word' id='word_1_323' title='bbox 586 4664 799 4746; x_wconf 86' lang='lat' dir='ltr'><strong>pontificisad</strong></span> <span class='ocrx_word' id='word_1_324' title='bbox 823 4665 983 4744; x_wconf 88' lang='lat' dir='ltr'><strong>episcopos</strong></span> <span class='ocrx_word' id='word_1_325' title='bbox 1005 4664 1191 4744; x_wconf 76' lang='lat' dir='ltr'><strong>Campaniae</strong></span> <span class='ocrx_word' id='word_1_326' title='bbox 1213 4669 1245 4725; x_wconf 90' lang='lat' dir='ltr'><strong>et</strong></span> <span class='ocrx_word' id='word_1_327' title='bbox 1265 4662 1396 4724; x_wconf 82' lang='lat' dir='ltr'><strong>Tusciae</strong></span> <span class='ocrx_word' id='word_1_328' title='bbox 1426 4660 1465 4722; x_wconf 94' lang='lat' dir='ltr'><strong>de</strong></span> <span class='ocrx_word' id='word_1_329' title='bbox 1486 4661 1537 4722; x_wconf 90' lang='grc'><strong>(116</strong></span> <span class='ocrx_word' id='word_1_330' title='bbox 1558 4660 1659 4722; x_wconf 92' lang='lat' dir='ltr'><strong>crucis</strong></span> <span class='ocrx_word' id='word_1_331' title='bbox 1682 4660 1829 4721; x_wconf 88' lang='lat' dir='ltr'><strong>inventae</strong></span> <span class='ocrx_word' id='word_1_332' title='bbox 1851 4658 2027 4738; x_wconf 84' lang='lat' dir='ltr'><strong>apocrypha</strong></span> 
     </span>
     <span class='ocr_line' id='line_1_35' title="bbox 588 4757 2026 4844; baseline -0.005 -19"><span class='ocrx_word' id='word_1_333' title='bbox 588 4785 606 4825; x_wconf 93' lang='grc'><strong>6</strong></span> <span class='ocrx_word' id='word_1_334' title='bbox 625 4764 702 4826; x_wconf 86' lang='lat' dir='ltr'><strong>viris</strong></span> <span class='ocrx_word' id='word_1_335' title='bbox 724 4761 910 4825; x_wconf 88' lang='lat' dir='ltr'><strong>doctissimis</strong></span> <span class='ocrx_word' id='word_1_336' title='bbox 932 4764 1126 4826; x_wconf 85' lang='lat' dir='ltr'><strong>existimatur</strong></span> <span class='ocrx_word' id='word_1_337' title='bbox 1146 4761 1339 4844; x_wconf 83' lang='grc'><strong>(1166661161,</strong></span> <span class='ocrx_word' id='word_1_338' title='bbox 1355 4759 1518 4822; x_wconf 90' lang='lat' dir='ltr'><strong>Vetustius</strong></span> <span class='ocrx_word' id='word_1_339' title='bbox 1534 4759 1638 4822; x_wconf 89' lang='grc'><strong>06611.</strong></span> <span class='ocrx_word' id='word_1_340' title='bbox 1655 4759 1728 4820; x_wconf 90' lang='grc'><strong>6661.</strong></span> <span class='ocrx_word' id='word_1_341' title='bbox 1743 4759 1873 4837; x_wconf 83' lang='lat' dir='ltr'><strong>Martyr.</strong></span> <span class='ocrx_word' id='word_1_342' title='bbox 1884 4757 1915 4819; x_wconf 88' lang='lat' dir='ltr'><strong>V</strong></span> <span class='ocrx_word' id='word_1_343' title='bbox 1927 4777 2026 4818; x_wconf 87' lang='lat' dir='ltr'><strong>nonas</strong></span> 
     </span>
     <span class='ocr_line' id='line_1_36' title="bbox 588 4856 2025 4944; baseline -0.003 -24"><span class='ocrx_word' id='word_1_344' title='bbox 588 4862 717 4941; x_wconf 88' lang='lat' dir='ltr'><strong>Maias):</strong></span> <span class='ocrx_word' id='word_1_345' title='bbox 737 4880 837 4939; x_wconf 89' lang='lat' dir='ltr'><strong>neque</strong></span> <span class='ocrx_word' id='word_1_346' title='bbox 856 4861 980 4939; x_wconf 89' lang='lat' dir='ltr'><strong>plurimi</strong></span> <span class='ocrx_word' id='word_1_347' title='bbox 1001 4860 1144 4922; x_wconf 87' lang='lat' dir='ltr'><strong>facienda</strong></span> <span class='ocrx_word' id='word_1_348' title='bbox 1164 4867 1236 4944; x_wconf 84' lang='grc'><strong>6661</strong></span> <span class='ocrx_word' id='word_1_349' title='bbox 1255 4858 1456 4936; x_wconf 87' lang='grc' dir='ltr'><strong>Κ616616616,</strong></span> <span class='ocrx_word' id='word_1_350' title='bbox 1477 4878 1574 4935; x_wconf 80' lang='lat' dir='ltr'><strong>quae,¹</strong></span> <span class='ocrx_word' id='word_1_351' title='bbox 1588 4858 1728 4935; x_wconf 83' lang='lat' dir='ltr'><strong>quamvis</strong></span> <span class='ocrx_word' id='word_1_352' title='bbox 1742 4856 1958 4934; x_wconf 83' lang='lat' dir='ltr'><strong>antiquitatem</strong></span> <span class='ocrx_word' id='word_1_353' title='bbox 1977 4875 2025 4916; x_wconf 91' lang='lat' dir='ltr'><strong>re·</strong></span> 
     </span>
     <span class='ocr_line' id='line_1_37' title="bbox 589 4953 2026 5037; baseline -0.003 -18"><span class='ocrx_word' id='word_1_354' title='bbox 589 4959 703 5037; x_wconf 87' lang='lat' dir='ltr'><strong>dolent,</strong></span> <span class='ocrx_word' id='word_1_355' title='bbox 724 4958 807 5019; x_wconf 90' lang='lat' dir='ltr'><strong>inter</strong></span> <span class='ocrx_word' id='word_1_356' title='bbox 827 4977 861 5020; x_wconf 88' lang='grc'><strong>66</strong></span> <span class='ocrx_word' id='word_1_357' title='bbox 882 4965 968 5020; x_wconf 88' lang='grc'><strong>16616</strong></span> <span class='ocrx_word' id='word_1_358' title='bbox 988 4958 1028 5020; x_wconf 90' lang='grc'><strong>16</strong></span> <span class='ocrx_word' id='word_1_359' title='bbox 1048 4979 1082 5020; x_wconf 90' lang='grc'><strong>66</strong></span> <span class='ocrx_word' id='word_1_360' title='bbox 1097 4958 1263 5020; x_wconf 84' lang='lat' dir='ltr'><strong>dissentire</strong></span> <span class='ocrx_word' id='word_1_361' title='bbox 1278 4957 1434 5019; x_wconf 87' lang='lat' dir='ltr'><strong>videntur.</strong></span> <span class='ocrx_word' id='word_1_362' title='bbox 1449 4957 1536 5030; x_wconf 77' lang='lat' dir='ltr'><strong>Quae</strong></span> <span class='ocrx_word' id='word_1_363' title='bbox 1551 4977 1642 5034; x_wconf 89' lang='lat' dir='ltr'><strong>quum</strong></span> <span class='ocrx_word' id='word_1_364' title='bbox 1654 4956 1781 5034; x_wconf 85' lang='lat' dir='ltr'><strong>Pagius,</strong></span> <span class='ocrx_word' id='word_1_365' title='bbox 1796 4953 1846 5016; x_wconf 90' lang='lat' dir='ltr'><strong>vir</strong></span> <span class='ocrx_word' id='word_1_366' title='bbox 1866 4960 2026 5015; x_wconf 87' lang='lat' dir='ltr'><strong>emunctae</strong></span> 
     </span>
     <span class='ocr_line' id='line_1_38' title="bbox 589 5051 2026 5132; baseline -0.006 -13"><span class='ocrx_word' id='word_1_367' title='bbox 589 5057 683 5132; x_wconf 89' lang='lat' dir='ltr'><strong>naris,</strong></span> <span class='ocrx_word' id='word_1_368' title='bbox 704 5055 983 5131; x_wconf 86' lang='lat' dir='ltr'><strong>animadvertisset,</strong></span> <span class='ocrx_word' id='word_1_369' title='bbox 1005 5057 1039 5118; x_wconf 88' lang='lat' dir='ltr'><strong>in</strong></span> <span class='ocrx_word' id='word_1_370' title='bbox 1059 5055 1269 5118; x_wconf 87' lang='lat' dir='ltr'><strong>eruditissimo</strong></span> <span class='ocrx_word' id='word_1_371' title='bbox 1287 5055 1505 5117; x_wconf 88' lang='lat' dir='ltr'><strong>commentario</strong></span> <span class='ocrx_word' id='word_1_372' title='bbox 1520 5053 1559 5114; x_wconf 88' lang='lat' dir='ltr'><strong>ad</strong></span> <span class='ocrx_word' id='word_1_373' title='bbox 1575 5055 1702 5116; x_wconf 87' lang='lat' dir='ltr'><strong>annales</strong></span> <span class='ocrx_word' id='word_1_374' title='bbox 1715 5052 1842 5115; x_wconf 89' lang='lat' dir='ltr'><strong>Barouii</strong></span> <span class='ocrx_word' id='word_1_375' title='bbox 1857 5051 1939 5132; x_wconf 89' lang='lat' dir='ltr'><strong>(ann.</strong></span> <span class='ocrx_word' id='word_1_376' title='bbox 1955 5051 2026 5130; x_wconf 82' lang='lat'><strong>335)</strong></span> 
     </span>
     <span class='ocr_line' id='line_1_39' title="bbox 588 5148 2025 5231; baseline -0.003 -17"><span class='ocrx_word' id='word_1_377' title='bbox 588 5155 665 5216; x_wconf 89' lang='lat' dir='ltr'><strong>haec</strong></span> <span class='ocrx_word' id='word_1_378' title='bbox 686 5152 858 5214; x_wconf 86' lang='lat' dir='ltr'><strong>subiunxit:</strong></span> <span class='ocrx_word' id='word_1_379' title='bbox 883 5153 1073 5215; x_wconf 84' lang='lat' dir='ltr'><strong>«Dedicatio</strong></span> <span class='ocrx_word' id='word_1_380' title='bbox 1094 5153 1243 5216; x_wconf 86' lang='lat' dir='ltr'><strong>ecclesiae</strong></span> <span class='ocrx_word' id='word_1_381' title='bbox 1263 5151 1553 5231; x_wconf 84' lang='lat' dir='ltr'><strong>hierosolymitanae</strong></span> <span class='ocrx_word' id='word_1_382' title='bbox 1574 5159 1700 5230; x_wconf 84' lang='lat' dir='ltr'><strong>peracta</strong></span> <span class='ocrx_word' id='word_1_383' title='bbox 1713 5149 1815 5211; x_wconf 90' lang='lat' dir='ltr'><strong>idibus</strong></span> <span class='ocrx_word' id='word_1_384' title='bbox 1830 5148 2025 5226; x_wconf 88' lang='lat' dir='ltr'><strong>septembris,</strong></span> 
     </span>
     <span class='ocr_line' id='line_1_40' title="bbox 590 5243 2027 5328; baseline -0.005 -16"><span class='ocrx_word' id='word_1_385' title='bbox 590 5251 623 5312; x_wconf 93' lang='lat' dir='ltr'><strong>id</strong></span> <span class='ocrx_word' id='word_1_386' title='bbox 645 5257 702 5326; x_wconf 90' lang='grc'><strong>661,</strong></span> <span class='ocrx_word' id='word_1_387' title='bbox 723 5248 775 5310; x_wconf 89' lang='lat' dir='ltr'><strong>die</strong></span> <span class='ocrx_word' id='word_1_388' title='bbox 795 5249 881 5309; x_wconf 89' lang='lat' dir='ltr'><strong>XIII</strong></span> <span class='ocrx_word' id='word_1_389' title='bbox 902 5251 1096 5328; x_wconf 87' lang='lat' dir='ltr'><strong>septembris,</strong></span> <span class='ocrx_word' id='word_1_390' title='bbox 1118 5258 1153 5310; x_wconf 90' lang='lat' dir='ltr'><strong>ut</strong></span> <span class='ocrx_word' id='word_1_391' title='bbox 1174 5250 1286 5312; x_wconf 91' lang='lat' dir='ltr'><strong>docent</strong></span> <span class='ocrx_word' id='word_1_392' title='bbox 1304 5247 1498 5328; x_wconf 88' lang='lat' dir='ltr'><strong>Nicephorus</strong></span> <span class='ocrx_word' id='word_1_393' title='bbox 1519 5249 1538 5308; x_wconf 93' lang='grc'><strong>1.</strong></span> <span class='ocrx_word' id='word_1_394' title='bbox 1554 5247 1646 5325; x_wconf 88' lang='lat' dir='ltr'><strong>VIII,</strong></span> <span class='ocrx_word' id='word_1_395' title='bbox 1661 5269 1686 5308; x_wconf 89' lang='grc'><strong>6.</strong></span> <span class='ocrx_word' id='word_1_396' title='bbox 1701 5249 1749 5326; x_wconf 86' lang='lat'><strong>30,</strong></span> <span class='ocrx_word' id='word_1_397' title='bbox 1765 5247 1916 5326; x_wconf 84' lang='lat' dir='ltr'><strong>Typicum</strong></span> <span class='ocrx_word' id='word_1_398' title='bbox 1928 5243 2027 5306; x_wconf 89' lang='lat' dir='ltr'><strong>sancti</strong></span> 
     </span>
     <span class='ocr_line' id='line_1_41' title="bbox 591 5343 2151 5434; baseline -0.003 -22"><span class='ocrx_word' id='word_1_399' title='bbox 591 5350 700 5427; x_wconf 83' lang='lat' dir='ltr'><strong>Sabas,</strong></span> <span class='ocrx_word' id='word_1_400' title='bbox 728 5347 936 5426; x_wconf 78' lang='lat' dir='ltr'><strong>Menologium</strong></span> <span class='ocrx_word' id='word_1_401' title='bbox 963 5349 1158 5434; x_wconf 73' lang='lat' dir='ltr'><strong>Graecorum,</strong></span> <span class='ocrx_word' id='word_1_402' title='bbox 1187 5369 1222 5411; x_wconf 88' lang='lat' dir='ltr'><strong>ac</strong></span> <span class='ocrx_word' id='word_1_403' title='bbox 1250 5347 1439 5428; x_wconf 80' lang='lat' dir='ltr'><strong>Sophronias</strong></span> <span class='ocrx_word' id='word_1_404' title='bbox 1467 5346 1506 5407; x_wconf 90' lang='lat' dir='ltr'><strong>de</strong></span> <span class='ocrx_word' id='word_1_405' title='bbox 1532 5345 1729 5408; x_wconf 80' lang='lat' dir='ltr'><strong>Dxaltatione</strong></span> <span class='ocrx_word' id='word_1_406' title='bbox 1755 5352 1879 5408; x_wconf 86' lang='lat' dir='ltr'><strong>sauctae</strong></span> <span class='ocrx_word' id='word_1_407' title='bbox 1908 5343 2026 5407; x_wconf 86' lang='lat' dir='ltr'><strong>Crucis.</strong></span> <span class='ocrx_word' id='word_1_408' title='bbox 2147 5354 2151 5363; x_wconf 89' lang='lat'>&#39;</span> 
     </span>
     <span class='ocr_line' id='line_1_42' title="bbox 592 5441 2026 5526; baseline -0.003 -15"><span class='ocrx_word' id='word_1_409' title='bbox 592 5445 733 5511; x_wconf 81' lang='lat' dir='ltr'><strong>Ecclesia</strong></span> <span class='ocrx_word' id='word_1_410' title='bbox 754 5451 856 5509; x_wconf 86' lang='lat' dir='ltr'><strong>tamen</strong></span> <span class='ocrx_word' id='word_1_411' title='bbox 876 5453 940 5508; x_wconf 89' lang='lat' dir='ltr'><strong>tam</strong></span> <span class='ocrx_word' id='word_1_412' title='bbox 967 5445 1168 5510; x_wconf 86' lang='lat' dir='ltr'><strong>occidentalis</strong></span> <span class='ocrx_word' id='word_1_413' title='bbox 1194 5467 1287 5526; x_wconf 90' lang='lat' dir='ltr'><strong>quam</strong></span> <span class='ocrx_word' id='word_1_414' title='bbox 1313 5443 1474 5508; x_wconf 82' lang='lat' dir='ltr'><strong>orientalis</strong></span> <span class='ocrx_word' id='word_1_415' title='bbox 1499 5443 1616 5508; x_wconf 78' lang='lat' dir='ltr'><strong>festum</strong></span> <span class='ocrx_word' id='word_1_416' title='bbox 1642 5443 1838 5508; x_wconf 83' lang='lat' dir='ltr'><strong>exaltationis</strong></span> <span class='ocrx_word' id='word_1_417' title='bbox 1865 5463 1891 5506; x_wconf 86' lang='lat' dir='ltr'><strong>s.</strong></span> <span class='ocrx_word' id='word_1_418' title='bbox 1919 5441 2026 5506; x_wconf 81' lang='lat' dir='ltr'><strong>Crucis</strong></span> 
     </span>
    </p>
   </div>
   <div class='ocr_carea' id='block_1_4' title="bbox 0 0 2334 6560">
    <p class='ocr_par' dir='ltr' id='par_1_7' title="bbox 0 0 2334 6560">
     <span class='ocr_line' id='line_1_43' title="bbox 0 0 2334 6560; baseline 0 0"><span class='ocrx_word' id='word_1_419' title='bbox 0 0 2334 6560; x_wconf 95' lang='lat' dir='ltr'><strong> </strong></span> 
     </span>
    </p>
   </div>
  </div>
 </body>
</html>
