4622 6572
2035 25 2275 210 Ἡ

595 581 636 644 12
1027 591 1030 598 “
1221 599 1248 645 e.
1272 599 1401 644 11161161

593 818 709 892 616616
738 798 798 892 661
825 817 978 914 species.
999 815 1159 892 Vineam
1186 816 1287 890 enim
1315 836 1360 889 ex
1390 808 1589 912 Aegypto¹
1620 818 1823 892 transtulit
1850 820 1891 893 et
1917 820 2031 916 plan-

592 944 695 1018 tavit
722 943 929 1030 Dominus;
963 945 1003 1016 61
1030 931 1231 1014 rursum²t
1269 940 1470 1015 “Vineam
1504 941 1658 1015 Domini
1698 936 1869 1017 Sabaoth
1897 944 2035 1018 domus

592 1070 712 1143 Israel
740 1072 798 1145 est
822 1126 854 1156 ,.
883 1069 939 1140 Ex
978 1069 1153 1164 operibus
1182 1067 1284 1140 66161
1317 1067 1499 1142 translati
1532 1072 1572 1142 61
1611 1068 1778 1162 plantati
1815 1069 1947 1166 populi
1974 1071 2036 1144 sui

591 1194 775 1290 passionis
803 1197 862 1268 est
890 1213 1024 1268 causa:
1055 1215 1171 1287 quam
1198 1190 1281 1265 Noe
1310 1193 1537 1267 ebrietatem
1557 1193 1589 1264 si
1616 1192 1717 1266 forte
1739 1192 1823 1287 quis
1843 1215 1921 1266 non
1948 1216 2035 1289 per-

592 1309 742 1394 tinere³
771 1318 819 1392 ad
846 1318 1010 1414 speciem
1038 1317 1248 1391 dominicae
1283 1317 1416 1391 mortis
1445 1317 1694 1410 existimavit,
1725 1317 1771 1391 de
1799 1339 2034 1413 consequen·

592 1444 696 1516 tibus
733 1447 927 1538 arguetur,
965 1466 1198 1538 quamquam
1227 1444 1384 1538 potatus
1411 1443 1451 1515 in
1488 1443 1697 1537 evangeliis
1731 1443 1831 1518 calix
1868 1447 2036 1519 mortem

591 1568 776 1664 passionis
795 1568 985 1642 ostendat.
1007 1567 1096 1643 Tres
1117 1571 1247 1642 autem
1267 1568 1336 1640 filii
1356 1591 1443 1642 cum
1463 1571 1603 1658 essent,
1624 1568 1718 1641 nudi
1738 1568 1893 1643 nuditas
1913 1570 2036 1664 patris

591 1693 740 1768 ridetur
767 1693 932 1800 abnue,
962 1697 1002 1768 et
1038 1715 1191 1768 rursum
1229 1693 1448 1788 contegitur
1476 1717 1499 1766 a
1537 1693 1707 1768 duobus:
1738 1694 1803 1768 sed
1836 1717 1925 1769 cum
1957 1695 2035 1767 duo

591 1819 839 1892 unianimiter
876 1819 1064 1893 texerint:
1093 1818 1296 1892 maledicto
1324 1818 1464 1910 tertio,
1495 1817 1535 1891 in
1570 1818 1721 1893 duobus
1748 1821 1880 1893 tamen
1909 1820 2035 1914 operis

591 1943 705 2016 unius
733 1943 883 2018 diversa
910 1943 1123 2018 benedictio
1152 1945 1221 2017 est.
1254 1935 1332 2016 Sub
1360 1943 1420 2016 his
1448 1947 1582 2018 autem
1610 1943 1734 2018 tribue
1758 1943 1847 2018 filiis
1874 1945 2034 2020 unirer-

592 2069 685 2141 sitas
722 2069 918 2142 1161616616
960 2070 1218 2149 61666116161;
1248 2067 1373 2142 idest
1407 2069 1477 2142 sub
1516 2069 1598 2164 1666
1637 2069 1865 2160 viventium,
1895 2073 1935 2143 et
1962 2071 2035 2144 sub

590 2195 716 2291 616116
744 2194 1049 2286 iustificatorum,
1078 2196 1330 2290 6166611661,
1361 2216 1407 2268 ex
1437 2193 1575 2290 quibus
1604 2195 1781 2290 gentium
1808 2197 1971 2270 mortem

673 2443 912 2535 (Enciderunt
939 2445 1119 2536 (1111116116
1146 2452 1178 2519 61
1209 2447 1536 2538 1616661666661166
1569 2446 1757 2540 quaternio,
1792 2445 1862 2518 siue
1884 2444 2037 2537 popinae

751 2570 873 2665 11161611
900 2571 1036 2662 desunt)

529 2851 562 2908 11
614 2823 921 2919 {proprietatem
949 2822 1113 2897 nominis
1148 2822 1263 2896 huius
1301 2821 1492 2916 scriptura
1529 2821 1821 2916 interpretante.
1850 2820 1900 2894 Et
1937 2819 2037 2893 dixit

591 2951 692 3024 Esau
720 2950 769 3023 ad
796 2949 909 3023 Iacob
924 2941 957 3022 ⁴:
983 2953 998 2984 “
1023 2948 1082 3022 Da
1101 2948 1195 3021 611111
1214 2950 1370 3044 6661616
1391 2947 1437 3020 de
1459 2950 1616 3022 coctura
1636 2947 1718 3037 hac,
1740 2947 1830 3042 quia
1850 2945 1984 3020 deficio
2001 3001 2034 3033 ,.

592 3075 753 3170 Propter
780 3074 852 3148 hoc
879 3074 1114 3170 appellatum
1142 3074 1201 3147 est
1228 3093 1367 3146 nomen
1395 3072 1476 3146 6166
1500 3071 1633 3146 Edem.
1662 3069 1867 3145 Primitiva
1897 3069 2036 3144 deinde

591 3220 661 3271 666
688 3199 736 3272 ob
764 3197 891 3273 cibum
920 3197 1104 3288 vendidit,
1134 3197 1276 3271 dicens:
1306 3200 1321 3232 “
1354 3196 1448 3271 Ecce
1482 3217 1552 3292 666
1582 3195 1736 3285 6161161,
1766 3196 1807 3268 61
1837 3215 1912 3289 666
1940 3193 2037 3266 mihi

591 3323 660 3396 hos
688 3323 897 3418 primatusl
921 3379 937 3412 ,
969 3323 1014 3396 In
1033 3322 1261 3428 primatibus
1281 3322 1375 3397 hacc
1394 3321 1495 3416 apud
1515 3325 1664 3397 veteres
1687 3323 1771 3396 erat
1790 3319 1968 3415 dignitas,
1989 3322 2037 3393 ut

592 3447 749 3522 domum
776 3450 958 3542 paternae
978 3448 1204 3523 hereditatis
1223 3447 1499 3542 primogenitus
1528 3447 1721 3542 optineret
1749 3446 1946 3537 fratribus,
1966 3443 2035 3541 qui

592 3573 766 3670 deinceps
795 3575 922 3648 essent
949 3573 984 3648 ei
1012 3572 1168 3648 subditi.
1188 3571 1289 3666 Ergo
1318 3593 1406 3645 cum
1430 3571 1470 3643 16
1488 3592 1645 3667 corpore
1663 3571 1885 3645 viventibus
1904 3570 2035 3665 primi·

592 3700 762 3775 tivorum
782 3699 948 3794 dignitas
967 3699 1013 3773 de
1031 3701 1110 3773 vita
1129 3700 1192 3788 sit,
1214 3719 1330 3792 quam
1349 3697 1420 3770 sub
1449 3695 1771 3792 praefiguratione
1798 3695 1930 3792 populi
1948 3693 2034 3768 infi-

593 3823 686 3897 delis
706 3821 807 3895 Esau
826 3824 873 3897 ob
896 3823 1064 3897 carnalia
1084 3821 1271 3896 desideria
1291 3821 1504 3896 vendebat:
1525 3843 1601 3894 non
1620 3820 1755 3915 utique
1775 3821 1823 3896 (16
1840 3819 2035 3917 praesenti

593 3949 874 4044 primitivorum
903 3948 1047 4024 honore
1076 3948 1264 4043 desperat,
1295 3947 1445 4022 dicens:
1471 3951 1488 3982 “
1513 3947 1607 4021 Ecce
1627 3968 1696 4041 666
1714 3947 1868 4037 6161161,
1889 3947 1929 4020 61
1956 3967 2034 4040 666

593 4073 687 4146 mihi
701 4072 770 4146 hos
784 4072 971 4168 primatus
986 4071 1000 4144 1
1016 4128 1032 4159 ,,
1051 4071 1152 4146 Nam
1167 4075 1257 4147 ante
1272 4074 1436 4146 mortem
1451 4071 1640 4165 primatus
1655 4071 1732 4162 1116,
1749 4070 1816 4166 661
1835 4071 2037 4146 hominum

594 4200 663 4288 est,
697 4197 991 4293 percipiebatur;
1021 4197 1086 4272 sed
1118 4197 1208 4292 quia
1241 4197 1405 4270 formam
1437 4195 1568 4292 populi
1601 4196 1642 4268 in
1671 4217 1873 4292 segerens
1900 4195 2034 4292 primi·

593 4313 725 4399 tivus⁵
755 4323 831 4418 ipse
858 4345 926 4419 per
952 4324 1087 4419 166661.
1117 4323 1228 4396 Prior
1246 4323 1348 4396 enim
1376 4323 1437 4398 hic
1465 4322 1629 4420 populus
1656 4321 1697 4395 in
1720 4322 1791 4396 Dei
1818 4321 2034 4396 hereditate

595 4449 724 4522 fuerat
752 4446 907 4538 electus,
936 4447 983 4521 de
1011 4467 1076 4542 spe
1103 4447 1393 4522 resurrectionis
1422 4449 1463 4520 et
1489 4445 1634 4542 gloriae
1653 4446 1724 4520 Dei
1753 4445 1906 4537 excidit,
1927 4445 2034 4521 'desi-

595 4573 708 4648 deriis
736 4572 902 4667 corporis
929 4574 1147 4668 occupatus,
1176 4595 1289 4646 suum
1317 4572 1501 4646 honorem
1534 4571 1751 4667 desperasse
1771 4593 1811 4646 se
1839 4571 2032 4667 proferat;

594 4720 708 4795 quem
735 4697 1031 4793 primogenitum
1051 4701 1281 4774 convenerat
1308 4720 1458 4794 sperare
1490 4700 1577 4793 post
1599 4700 1777 4773 mortem.
1796 4697 2032 4793 Desperante

595 4824 725 4917 116666
752 4821 853 4895 Esau
872 4821 919 4897 de
945 4822 1124 4917 primitiis
1143 4822 1221 4896 suis
1249 4825 1413 4914 caetera,
1430 4825 1470 4898 61
1497 4822 1705 4897 secundum
1724 4822 1817 4897 sacti
1835 4821 1961 4913 fidem,
1993 4826 2034 4897 61

594 4948 800 5022 secundum
827 4947 1159 5044 praefigurationis
1181 4949 1368 5025 virtutem
1396 4951 1595 5043 geruntur.
1616 4948 1749 5022 Isahao
1779 4949 2034 5042 nequedum

675 5269 684 5302 ²
701 5259 814 5321 Subter
827 5259 906 5322 huno
919 5260 1104 5324 versiculum
1118 5260 1235 5341 6116661
1247 5261 1371 5323 litterae
1385 5260 1573 5340 antiquiores
1595 5261 1689 5342 (6666.
1703 5261 1817 5342 vnn)
1838 5263 1958 5320 1661661
1979 5277 2033 5338 ap-

596 5363 720 5440 parent:
733 5365 908 5421 nontamen
921 5361 1005 5423 aliud
1018 5365 1141 5438 praeter
1151 5361 1271 5422 ATEM
1280 5367 1432 5440 superest,
1444 5361 1495 5424 vel
1509 5361 1573 5439 1661
1586 5367 1691 5440 potest
1706 5395 1736 5406 -·
1752 5369 1763 5402 ¹
1778 5360 1831 5422 Ps.
1843 5357 1998 5437 LXXIX,
2014 5360 2034 5419 9

595 5493 636 5506 -
657 5457 838 5540 ³pertinere
859 5477 894 5520 se
914 5493 955 5505 -
975 5468 985 5500 ⁴
1003 5459 1115 5522 Genea
1136 5459 1241 5538 XXV,
1263 5460 1360 5522 3032.
1385 5495 1416 5506 -
1442 5459 1653 5539 ⁶primitibus.
