4622 6572
591 605 677 654 xvm
1150 651 1153 654 ,
1220 597 1404 645 musmo

592 823 737 902 caverit
748 813 772 916 ¹,
801 845 1009 918 congruum
1039 822 1099 895 est
1126 819 1322 910 coniicere,
1359 818 1422 893 vel
1449 815 1658 891 maximam
1695 814 1842 889 Galliae
1875 816 2031 910 partem

590 969 678 1042 tum
704 965 755 1041 ad
782 969 927 1042 sectam
955 965 1128 1040 arianam
1156 961 1405 1060 propensisse,
1430 961 1493 1038 vel
1521 961 1570 1036 ad
1597 961 1783 1058 pietatem
1802 959 2031 1055 cultumque

590 1110 800 1188 catholicae
827 1109 917 1184 fidei
944 1107 1145 1184 indocilem
1173 1106 1392 1202 praebuisse
1406 1097 1431 1180 ‘·'.

670 1256 727 1330 Ex
754 1255 911 1352 reliquis
940 1254 1087 1329 duobus
1114 1254 1267 1350 hymnis
1296 1254 1441 1350 primus
1470 1275 1494 1326 a
1521 1250 1687 1348 quadam
1714 1247 1909 1347 neophita,
1937 1248 2028 1324 doc-

496 1379 498 1384 ’
591 1401 696 1474 trina
722 1401 763 1474 et
789 1397 863 1472 fide
889 1397 1115 1492 praestanti,
1144 1397 1317 1492 proditus
1346 1398 1418 1470 est.
1445 1395 1534 1490 Ipsa
1561 1395 1664 1469 enim
1692 1391 1738 1468 de
1765 1414 1805 1467 se
1841 1391 2032 1489 loquitur,

593 1502 818 1641 praesertim
847 1541 887 1615 in
914 1541 1069 1637 strophe
1096 1540 1176 1633 illa,
1206 1563 1282 1636 qua
1309 1562 1418 1614 snam
1446 1561 1490 1613 ex
1516 1537 1589 1611 fide
1610 1537 1761 1613 noviter
1780 1539 1934 1633 accepta
1953 1536 2035 1611 lae·

593 1686 725 1762 titiam
753 1685 980 1761 denunciat:

891 1973 1030 2048 Remulo
1057 1965 1146 2064 sum,
1175 1995 1194 2046 o
1221 1973 1311 2046 oilae
1342 2013 1387 2022 -
1419 1971 1549 2046 Laetae
1577 1971 1741 2045 ermom!

888 2116 999 2190 Nouis
1026 2137 1112 2210 qaue
1139 2115 1214 2189 vico
1246 2155 1291 2165 -
1324 2114 1522 2188 Christiano
1549 2113 1686 2207 lepidus.

597 2404 761 2481 Mortem
780 2402 922 2478 Christi
948 2403 1228 2479 resurrectione
1257 2402 1401 2479 victam
1420 2425 1463 2478 ac
1491 2403 1779 2478 resurrectionis
1798 2402 1912 2477 fidem
1931 2400 2040 2478 canit

597 2548 680 2645 ipsa
706 2570 784 2622 non
810 2547 949 2644 frigido
978 2547 1245 2643 laboriosoque
1272 2550 1319 2621 nt
1346 2547 1516 2621 Hilarius
1545 2547 1709 2643 eloquin,
1738 2545 1803 2621 sed
1826 2545 1975 2620 fervido
1996 2547 2041 2619 et

599 2690 738 2781 soluto,
766 2711 883 2786 prope
911 2690 1080 2764 excitata
1107 2690 1264 2764 numine
1291 2712 1409 2765 sacro.
1439 2689 1549 2764 Alter
1576 2689 1744 2785 hymnus
1771 2688 1812 2762 in
1840 2687 2040 2762 diabolum

600 2834 662 2910 vel
689 2837 865 2909 satanam
893 2837 1083 2925 exaratus,
1113 2834 1274 2910 fortasse
1310 2836 1467 2931 propter
1504 2834 1636 2908 stilum
1671 2838 1789 2930 atque
1826 2832 2040 2908 sententias

600 2977 687 3074 plus
713 2975 862 3052 Hilario
890 3000 1007 3072 quarn
1034 2977 1242 3072 neophitae
1269 2976 1543 3052 adiudicandus
1572 2999 1652 3052 esse
1680 2976 1846 3053 videtur.

681 3119 932 3215 Quamquam,
962 3121 1008 3192 ut
1035 3123 1156 3216 patet,
1186 3121 1323 3194 horum
1360 3121 1596 3216 hymnorum
1633 3121 1770 3196 saltem
1797 3121 1943 3216 primus
1980 3123 2043 3193 est

601 3265 791 3346 foeminae
818 3263 959 3338 illustri
986 3263 1219 3351 referendus,
1252 3267 1384 3339 tamen
1425 3265 1565 3362 opinio,
1610 3268 1817 3361 utrumque
1858 3263 1899 3337 in
1939 3263 2042 3337 libro

602 3433 631 3485 s.
649 3406 789 3482 Hilarii
807 3409 1003 3502 receptum
1022 3406 1283 3503 insertumque
1302 3407 1430 3499 fuisse,
1451 3407 1600 3482 duobus
1613 3407 1773 3482 fulcitur
1788 3405 2040 3502 argumentis

602 3552 775 3628 Primum
804 3550 916 3647 quod,
945 3551 977 3624 si
1004 3551 1090 3624 illos
1119 3555 1164 3625 ut
1190 3552 1396 3646 quamdam
1423 3551 1511 3627 libri
1546 3551 1781 3627 additionem
1816 3550 1934 3625 fuisse
1972 3573 2044 3646 pn·

603 3698 742 3786 tumus,
770 3693 831 3768 hic
857 3694 955 3768 liber
981 3693 1150 3790 profecto
1170 3717 1248 3768 non
1267 3695 1351 3789 plns
1370 3719 1485 3791 quam
1504 3696 1671 3792 quinque
1689 3699 1760 3770 aut
1778 3716 1844 3770 sex
1863 3695 2053 3792 hymnos,¹

605 3841 701 3935 quot
729 3837 872 3937 scilicet
897 3837 938 3910 in
955 3837 1079 3911 tribus
1098 3837 1235 3913 codiois
1254 3838 1355 3914 foliis
1373 3839 1487 3914 scribi
1506 3843 1671 3935 possent,
1692 3839 1909 3934 complexus
1928 3839 2041 3913 esset.

606 3980 728 4068 Quam
755 3979 840 4075 quis
868 3984 1053 4069 nostrum,
1083 4003 1169 4056 curn
1197 3981 1386 4055 Hilarium
1417 4004 1520 4056 more
1540 4005 1608 4057 suo
1627 3982 1768 4056 librum
1788 3980 2044 4076 composuisse

606 4122 968 4214 animadvertamus,
997 4147 1064 4199 seu
1092 4125 1320 4199 Rhodanum
1348 4149 1461 4200 suurn
1489 4149 1565 4200 non
1593 4097 1964 4221 protinus'arescere
1984 4145 2044 4198 re·

605 4268 793 4362 putemne,
820 4267 972 4338 tantam
1005 4265 1176 4340 crederet
1215 4267 1473 4340 tenuitateml
1516 4266 1687 4341 Secundo
1730 4267 1832 4363 quod
1872 4265 2044 4340 Hilarius

606 4407 687 4504 ipse
714 4410 921 4504 utrumque
948 4410 1135 4505 hymnum
1163 4410 1328 4505 quadam
1369 4414 1582 4486 commotus
1618 4413 1818 4507 voluptate
1855 4413 2044 4486 memoret

692 4651 701 4688 ¹
718 4644 749 4707 S.
770 4645 899 4708 Hieron.
919 4647 952 4708 in
972 4647 1070 4727 praef.
1085 4648 1117 4708 in
1131 4648 1152 4709 l.
1167 4649 1203 4709 II
1217 4648 1256 4710 ad
1271 4647 1416 4710 Galatas:
1441 4649 1608 4711 «Hilarius
1629 4650 1746 4712 latinae
1760 4649 1953 4729 eloquentiae
1965 4649 2049 4732 Rho·

611 4746 721 4824 danne,
749 4744 858 4807 Gallus
885 4747 955 4827 ipse
975 4753 1008 4810 et
1028 4747 1169 4809 Pictoris
1196 4748 1319 4826 genitus
1340 4748 1372 4809 in
1391 4748 1575 4827 hymnorum
1602 4749 1735 4810 carmine
1763 4749 1871 4810 Gallos
1898 4749 2049 4812 indociles

609 4850 711 4906 vocat.
725 4866 741 4901 r

692 4939 911 5020 ²Hymnorum
931 4942 1151 5004 hilarianomm
1172 4943 1292 5006 iactura
1310 4944 1400 5006 nobis
1421 4951 1471 5006 est
1490 4944 1621 5006 maxime
1636 4943 1857 5023 conquerenda,
1872 4944 1940 5008 sive
1954 4945 2050 5006 ecole-

611 5038 677 5100 siae
697 5037 867 5116 liturgiam,
888 5039 955 5102 aive
976 5039 1219 5117 antiquissimam
1241 5041 1371 5103 canendi
1392 5042 1543 5103 rationem
1563 5042 1762 5122 spectaveris.
1784 5041 1874 5114 Quod
1888 5041 2050 5104 interitum

610 5133 644 5194 in
663 5134 789 5196 abbatia
809 5136 945 5196 arretina
965 5137 1087 5198 saeculo
1108 5136 1228 5198 decimo
1243 5139 1374 5218 septimo
1389 5139 1530 5200 evenisse
1543 5139 1701 5217 probabile
1717 5147 1775 5217 est,
1790 5145 1954 5218 propterea
1967 5137 2051 5216 quod

612 5232 736 5293 saeculo
757 5233 957 5312 subsequenti
977 5235 1118 5296 nonnulli
1138 5236 1277 5298 monachi
1298 5237 1429 5300 seientia
1458 5237 1592 5316 praediti
1612 5237 1656 5298 ibi
1677 5236 1864 5315 claruerunt,
1886 5244 1927 5316 et,
1948 5244 1985 5298 ut
2001 5258 2051 5298 re·

613 5331 749 5410 tulimus,
772 5333 867 5394 abbas
887 5335 936 5395 De
957 5333 1110 5395 Oostanzo
1139 5334 1271 5414 hymnos
1293 5357 1318 5398 s.
1339 5336 1456 5397 Hilarii
1477 5356 1524 5415 ea,
1546 5357 1608 5414 qna
1626 5336 1698 5398 illos
1718 5355 1798 5398 nuuc
1817 5336 1968 5414 videmus,
1983 5356 2052 5399 con-

615 5429 733 5492 ditione
752 5430 785 5492 in
804 5431 908 5495 archio
929 5432 1146 5496 monachorum
1166 5434 1296 5498 invenit.
