4604 6560
627 669 672 740 94
1118 693 1145 738 s.
1169 692 1301 740 sinsus
1324 693 1573 740 rrsncrruurlo

704 911 761 986 Ac
787 911 841 986 sic
867 931 958 1007 ergo
985 932 1073 986 cum
1100 911 1243 1006 ceperit
1270 933 1351 986 esse
1374 913 1568 1006 pullorum
1586 913 1733 1002 cantus,
1753 910 1998 986 descenditur
2015 911 2058 986 de

623 1033 824 1110 Imbomon
851 1057 936 1110 cum
964 1037 1104 1132 ymnis,
1132 1037 1174 1110 et
1200 1036 1347 1112 accedit
1364 1037 1497 1110 eodem
1516 1037 1611 1128 loco,
1632 1037 1698 1109 ubi
1717 1037 1845 1110 oravit
1863 1035 2057 1124 Dominus,

625 1159 725 1250 sicut
750 1159 934 1255 scriptum
962 1163 1024 1236 est
1049 1161 1090 1234 in
1122 1161 1342 1256 evangelio:
1375 1165 1392 1196 ⁴¹
1410 1163 1452 1234 et
1478 1161 1636 1236 accessit
1668 1163 1859 1257 quantum
1890 1151 2055 1234 iactum¹

623 1281 773 1380 lapidis,
802 1289 843 1359 ot
870 1286 1008 1377 orarit,
1037 1287 1079 1361 ot
1106 1289 1245 1362 cetera.
1266 1339 1283 1373 ,
1315 1285 1362 1359 In
1387 1307 1433 1361 eo
1460 1265 1563 1360 enim
1590 1287 1676 1361 loco
1710 1285 1868 1362 ecclesia
1893 1289 1955 1359 est
1986 1285 2061 1360 ele·

624 1397 754 1504 gans²z
774 1406 989 1504 ingreditur
1008 1411 1061 1485 ibi
1081 1409 1277 1506 opiscopus
1296 1411 1338 1486 st
1356 1411 1479 1484 omnis
1499 1411 1679 1507 populus:
1706 1410 1846 1485 dicitur
1864 1410 1920 1484 ibi
1939 1409 2059 1484 oratio

624 1534 716 1630 apta
743 1531 826 1608 loco
854 1537 895 1607 et
921 1533 1017 1610 disi:
1043 1533 1184 1609 dicitur
1201 1533 1319 1610 etiam
1339 1557 1438 1608 unus
1456 1557 1596 1632 ymnus
1616 1537 1741 1631 aptus,
1761 1535 1804 1608 et
1821 1533 1965 1630 legitur
1983 1533 2060 1628 ipse

625 1657 731 1734 locus
759 1658 805 1734 do
832 1659 1043 1756 evangelio,
1071 1660 1139 1734 ubi
1158 1659 1256 1734 dixit
1275 1659 1467 1756 discipulis
1486 1662 1582 1736 suis:
1607 1665 1623 1698 “
1642 1661 1820 1757 Vigilate,
1838 1681 1887 1734 ne
1907 1657 2060 1732 intretis

624 1783 666 1860 in
692 1783 1033 1881 temptationem„
1057 1785 1107 1860 Et
1126 1788 1248 1860 omnis
1268 1787 1347 1882 ipse
1367 1787 1471 1861 locus
1491 1788 1700 1883 perlegitur
1718 1787 1792 1860 ibi:
1813 1788 1854 1862 ot
1872 1786 1919 1860 fit
1937 1785 2061 1862 denuo

625 1911 762 1988 oratio.
782 1909 912 1986 Etiam
940 1911 1027 1987 inde
1055 1933 1142 1986 cum
1168 1911 1295 2008 ymnis
1323 1935 1443 2008 usque
1470 1913 1520 1986 nd
1543 1912 1745 1986 minimum
1763 1911 1888 1986 infans
1913 1913 1955 1985 in
1974 1910 2061 1986 scs·

625 2036 772 2110 samoni
800 2035 958 2131 pedibus
986 2056 1073 2110 cum
1105 2035 1279 2133 episcopo
1311 2035 1560 2112 descendent:
1597 2037 1665 2111 ubi
1701 2058 1767 2133 pro
1804 2039 1885 2110 tam
1924 2057 2062 2132 magna

624 2160 743 2234 turba
761 2160 1034 2252 multitudinis
1054 2164 1095 2234 et
1113 2160 1268 2256 fatigati
1287 2159 1333 2234 de
1351 2160 1494 2257 vigiliis
1513 2165 1554 2235 et
1571 2161 1724 2236 ieiuniis
1738 2160 1941 2235 cotidianis
1959 2159 2060 2250 lassi,

625 2287 717 2384 quia
743 2287 827 2360 tam
855 2307 1035 2381 magnum
1064 2289 1234 2360 montom
1261 2306 1411 2360 necesse
1438 2285 1583 2360 habent
1609 2285 1846 2374 descendere,
1881 2285 1987 2360 lente
2019 2287 2058 2358 et

625 2409 730 2486 lente
757 2432 844 2488 oum
871 2410 997 2507 ymnis
1026 2409 1180 2485 venitur
1207 2409 1246 2482 in
1271 2409 1504 2485 Gessamani.
1525 2409 1713 2485 candelae
1732 2411 1866 2485 autom
1889 2407 2062 2484 ecclesia·

627 2526 766 2611 sticae³
785 2557 899 2631 super
918 2536 1105 2610 ducentae
1132 2537 1290 2630 paratae
1317 2537 1409 2608 sunt
1436 2537 1592 2631 propter
1619 2535 1750 2610 lumen
1777 2533 1882 2608 omni
1910 2534 2061 2630 populo.

630 2659 725 2735 (lum
743 2681 832 2757 ergo
851 2663 1078 2756 perventum
1097 2659 1273 2733 fueritin
1293 2658 1532 2751 Gessamani,‘
1546 2659 1591 2734 fit
1609 2660 1775 2757 primum
1803 2661 1927 2734 oratio
1955 2662 2057 2755 apta,

630 2785 683 2862 sic
710 2785 851 2860 dicitur
877 2805 1037 2883 ymnus:
1065 2785 1159 2859 item
1187 2765 1331 2880 legitur
1357 2784 1423 2859 ille
1450 2785 1554 2860 locus
1574 2786 1620 2859 de
1638 2784 1848 2881 evangelio,
1875 2783 1941 2858 ubi
1959 2805 2058 2858 com·

629 2909 838 3006 prehensus
861 2910 920 2982 est
938 2907 1134 2984 Dominus.
1156 2908 1227 2995 Qui
1245 2908 1351 2983 locus
1369 2909 1418 2982 ad
1435 2909 1538 3005 quod
1555 2909 1678 2985 lectus
1697 2909 1827 3001 luerit,
1846 2909 1982 2983 tantus
2000 2931 2061 2982 ru·

629 3035 734 3132 gitus
752 3037 793 3109 et
811 3033 981 3130 mugitus
1007 3035 1129 3108 totius
1147 3033 1278 3130 populi
1296 3036 1355 3108 est
1373 3056 1459 3109 cum
1477 3035 1584 3125 fletu,
1603 3038 1659 3114 ut.
1668 3035 1795 3110 forsan
1815 3055 1928 3131 porro
1946 3032 1996 3107 ad
2014 3033 2064 3108 ci·

632 3161 793 3240 vitatem
813 3159 979 3256 gemitus
997 3159 1127 3257 populi
1146 3159 1268 3234 omnis
1286 3159 1443 3234 auditus
1462 3159 1524 3234 sit.
1545 3160 1673 3234 Etiam
1691 3183 1738 3236 ex
1756 3159 1825 3234 illa
1843 3158 1938 3233 hora
1956 3158 2063 3232 hitur

631 3285 680 3360 ud
712 3285 911 3360 civitatem
938 3282 1096 3379 pedibus
1132 3303 1219 3356 cum
1246 3283 1372 3379 ymnis
1405 3283 1625 3378 pervenitur
1657 3283 1705 3357 ad
1738 3285 1902 3378 portem,
1932 3283 1972 3356 et
1997 3281 2063 3355 ho·

630 3434 685 3504 ra,
704 3433 782 3506 qua
809 3409 944 3506 incipit
971 3408 1079 3504 quasi
1107 3409 1220 3483 homo
1248 3409 1442 3484 hominem
1470 3431 1704 3506 cognoscere,
1729 3408 1818 3481 inde
1844 3408 1971 3480 totam
1998 3426 2064 3500 per

630 3536 796 3610 mediam
822 3534 1020 3610 civitatem
1056 3555 1188 3608 omnes
1217 3555 1335 3628 usque
1362 3533 1411 3606 ad
1438 3557 1580 3625 unum,
1608 3533 1771 3609 maiores
1799 3535 1916 3627 etque
1945 3529 2066 3604 mino·

631 3683 702 3752 res,
731 3659 881 3752 divites,
909 3679 1106 3764 pauperes,
1134 3658 1209 3733 toti
1236 3658 1290 3732 ibi
1317 3658 1456 3754 parati,
1486 3658 1700 3754 specialiter
1733 3658 1800 3732 illa
1837 3658 1898 3732 die
1937 3656 2066 3732 nullus

630 3785 773 3862 recedit
799 3809 824 3859 a
851 3785 992 3882 vigiliis
1018 3807 1139 3881 usque
1165 3787 1206 3858 in
1233 3805 1356 3859 manc.
1387 3783 1447 3858 Sic
1474 3783 1675 3858 deducitur
1701 3783 1897 3879 episcopus
1924 3808 1949 3858 a
1976 3783 2063 3858 Ges·

631 3910 776 3988 semani
802 3932 923 4007 usque
951 3911 1000 3985 sd
1026 3913 1191 4006 portam,
1220 3912 1261 3986 et
1288 3909 1376 3985 indo
1403 3932 1470 4005 per
1496 3910 1622 3984 totam
1650 3910 1848 3984 civitatem
1870 3907 2066 4006 usquead
2175 3897 2178 3906 ’

632 4037 801 4114 Crucem.
830 4035 932 4113 Ante
959 4035 1117 4112 Crucem
1144 4038 1275 4111 autem
1294 4037 1337 4109 at
1356 4035 1423 4109 ubi
1442 4037 1602 4111 ventum
1622 4035 1751 4124 fuerit,
1771 4034 1849 4108 iam
1868 4035 1935 4108 lux
1953 4032 2064 4131 quasi

631 4161 735 4238 olera
762 4160 895 4258 incipit
921 4181 1013 4236 esse.
1046 4161 1105 4236 Ibi
1134 4160 1258 4236 denuo
1286 4149 1429 4255 legitur
1456 4158 1520 4233 ille
1535 4158 1652 4250 ¹locus
1680 4157 1728 4234 de
1762 4159 1973 4256 evangelio,
2001 4156 2068 4231 nbi

716 4527 724 4564 ¹
741 4527 817 4592 Luc.
838 4527 966 4606 XXIII,
988 4547 1018 4590 v.
1038 4529 1088 4590 41.

714 4627 882 4690 ’Ecclesia
901 4626 934 4688 in
954 4627 1021 4688 loco
1043 4621 1254 4706 Gethsemani,
1276 4628 1419 4690 absoluta
1438 4626 1500 4689 fnit
1524 4635 1662 4706 tempore
1683 4625 1713 4689 S.
1735 4625 1928 4707 Hieronymi,
1945 4634 1982 4689 ut
2001 4625 2069 4708 ipse

635 4725 759 4788 scribit:
783 4725 1025 4804 «consonari,
1046 4725 1132 4787 locus
1151 4725 1205 4786 ubi
1226 4725 1370 4788 Salvator
1399 4737 1473 4789 ante
1502 4725 1678 4806 passionem
1699 4725 1809 4788 oravit.
1830 4726 1889 4787 Est
1907 4731 2011 4788 antem
2031 4723 2069 4786 sd

635 4822 756 4884 radices
776 4822 890 4884 montis
913 4822 1030 4884 Olivoti
1049 4843 1129 4884 nunc
1160 4823 1292 4886 ecclesia
1312 4823 1447 4905 desuper
1478 4823 1677 4886 aedificate.»
1699 4823 1742 4884 Et
1761 4825 1840 4886 bens
1860 4823 2069 4902 Hieronymus

636 4937 704 4979 cam
725 4916 861 4998 desuper
879 4918 979 4981 fuisse
998 4919 1122 5000 indicat,
1144 4920 1287 4998 quonism
1308 4921 1511 4984 Gethsemuni
1531 4922 1579 4983 ire
1599 4921 1777 4983 volentibus
1798 4927 1866 4982 eret
1885 4920 2071 4982 descenden-

637 5014 719 5076 dum.
740 5016 844 5076 Antea
863 5015 972 5079 fideles
994 5037 1030 5078 eo
1050 5018 1082 5078 in
1102 5018 1169 5079 loco
1189 5038 1298 5098 preces
1318 5018 1422 5082 facere
1442 5020 1642 5081 consuevisse
1661 5019 1761 5081 relert
1787 5019 1826 5080 sd
1853 5039 1883 5081 v.
1905 5018 2069 5084 Eusebius.

637 5111 751 5172 Errant
771 5113 875 5190 igitur,
897 5114 948 5192 qui
969 5122 1081 5194 putant
1103 5114 1337 5177 Constantinum
1359 5138 1426 5179 enm
1448 5115 1610 5178 ecclesiam
1630 5116 1827 5178 aedificasse:
1849 5137 1928 5194 quoe
1952 5125 2069 5196 postea,

637 5209 759 5270 merulo
780 5208 879 5272 ferme
900 5212 1016 5290 quinto,
1037 5233 1148 5276 noman
1169 5212 1200 5274 S.
1221 5213 1339 5276 Mariae
1359 5216 1487 5294 accepit,
1508 5213 1589 5293 quod
1611 5214 1678 5276 eius
1698 5214 1742 5276 ibi
1764 5221 1870 5276 extare
1897 5213 2071 5308 sepulcrum

638 5305 823 5386 crederetur,
846 5315 878 5370 et
898 5309 1044 5372 creditur.

662 5497 669 5512 .
715 5403 900 5468 ⁸Oundelcc
920 5407 1151 5473 ecclesiasticas
1170 5409 1288 5472 lunulis
1308 5410 1407 5474 fnisse
1428 5413 1581 5491 videnlur,
1602 5431 1682 5492 quas
1702 5417 1791 5477 orant
1810 5411 1965 5492 disposita
1980 5431 2069 5476 socos

639 5517 730 5562 viam.
