4622 6572
747 739 790 782 66
814 738 898 783 aona
922 738 1048 784 666666
1072 738 1126 787 an.
1150 742 1251 784 usa-ass
1675 721 1718 784 411
1752 719 1756 724 ’

274 956 547 1044 transivimus:
578 978 675 1052 quae
703 957 909 1033 Ramessen
936 958 1072 1032 civitas
1099 980 1200 1032 nunc
1227 980 1382 1054 campus
1401 961 1471 1048 est,
1493 961 1549 1032 ita
1578 963 1623 1034 ut
1651 981 1720 1035 nec

283 1105 396 1156 unam
424 1083 706 1156 habitationem
741 1083 893 1158 habeat.
924 1083 1041 1158 Paret
1070 1107 1173 1174 sane,
1209 1085 1390 1180 quoniam
1418 1089 1458 1159 et
1486 1085 1618 1181 ingens
1647 1086 1722 1158 fuit

279 1229 346 1312 666Ι
373 1208 510 1303 girum,
532 1211 572 1281 et
589 1209 715 1282 nullas
734 1207 895 1283 fabricas
915 1209 1066 1296 habuit3
1089 1211 1222 1284 ruinae
1238 1213 1365 1284 autem
1389 1211 1518 1306 ipsius,
1535 1211 1720 1306 quemad·

280 1333 436 1406 modum
464 1335 652 1430 collapsae
680 1337 783 1425 sunt,
812 1335 852 1407 in
871 1332 983 1410 hodie
1004 1333 1177 1409 infinitae
1205 1299 1481 1462 parentgllunc
1507 1339 1638 1410 autem
1668 1337 1723 1409 ibi

207 1451 235 1519 s
279 1459 394 1534 nichil
423 1460 529 1534 aliud
556 1464 626 1552 ost,
654 1461 733 1534 nisi
756 1463 913 1534 tantum
941 1483 1040 1534 unus
1067 1461 1164 1556 lapis
1192 1442 1324 1556 ingens
1352 1453 1554 1552 thebeus¹‚
1576 1463 1616 1534 in
1645 1484 1721 1556 quo

280 1567 372 1658 sunt
386 1585 484 1660 duae
498 1587 652 1660 statuae
668 1588 841 1660 exclusae
857 1580 882 1678 ²,
911 1588 1094 1682 ingentes,
1121 1608 1215 1682 quas
1240 1585 1371 1659 dicunt
1395 1608 1475 1660 esse
1500 1590 1723 1660 sanctorum

274 1710 489 1804 hominum,
519 1711 559 1785 id
579 1715 638 1785 661
665 1711 788 1806 Moysi
807 1714 847 1785 et
875 1712 1024 1785 Aaron:
1047 1733 1137 1784 nam
1159 1711 1296 1802 dicent,
1318 1733 1362 1785 eo
1382 1712 1484 1808 quod
1509 1711 1578 1785 filii
1605 1712 1723 1788 Israel

204 1851 214 1863 ⁹
280 1839 320 1910 in
347 1839 492 1912 honore
520 1838 688 1934 ipsorum
717 1859 780 1910 eas
809 1819 1186 1932 pausaretur-est
1214 1836 1268 1909 ibi
1301 1841 1500 1932 praeterea
1532 1840 1646 1913 arbor
1673 1840 1721 1914 si-

281 1963 435 2056 comori,
452 1983 548 2058 quae
568 1962 709 2035 dicitur
724 1985 748 2034 a
761 1941 989 2056 patriarchis
1006 1961 1131 2056 posita
1149 1982 1250 2036 esse:
1266 1984 1356 2034 nam
1372 1961 1447 2034 iam
1463 1962 1724 2037 vetustissima

280 2091 350 2178 est,
371 2091 410 2162 et
429 2087 514 2161 ideo
534 2085 750 2182 permodica
778 2088 847 2174 est,
877 2087 968 2159 licet
1001 2088 1132 2158 tamen
1156 2085 1304 2159 fructus
1333 2087 1480 2160 afferat.
1512 2087 1613 2162 Nam
1646 2087 1723 2162 cui·
1784 2131 1785 2137 κ

282 2235 443 2307 cumque
470 2201 751 2286 commoditas3
778 2211 907 2300 fuerit,
939 2210 1080 2284 vadent
1108 2211 1173 2300 ibi,
1213 2213 1254 2284 et
1281 2211 1422 2286 helleni
1459 2213 1643 2302 surculos,
1685 2215 1725 2287 et

283 2339 399 2434 prode
427 2337 504 2411 illis
532 2327 712 2426 estHHoc
738 2338 883 2426 autem,
913 2335 1106 2410 referente
1134 2337 1266 2408 sancto
1292 2336 1466 2432 episcopo
1495 2333 1540 2408 de
1569 2335 1724 2426 Arabia,

283 2463 541 2558 cognovimus.
571 2461 670 2535 Nam
699 2461 778 2557 ipse
805 2461 915 2534 nobis
945 2460 1045 2533 dixit
1063 2483 1201 2534 nomen
1222 2461 1339 2556 ipsius
1358 2462 1516 2552 arboris,
1544 2461 1723 2558 quemad·

260 2588 439 2661 'modum
468 2586 663 2682 appellant
691 2607 776 2658 eam
804 2609 927 2682 grece,
958 2585 997 2658 id
1026 2589 1086 2659 est
1119 2587 1284 2660 dendros
1315 2587 1492 2677 alethiae,
1523 2586 1623 2681 quod
1656 2609 1724 2659 nos

285 2713 444 2786 dicimus
464 2711 771 2786 arbor.veritatis
791 2711 814 2786 ⁴.
846 2710 918 2798 Qui
946 2715 1076 2784 tamen
1105 2714 1259 2785 sanctus
1289 2711 1484 2806 episcopus
1513 2711 1623 2783 nobis
1651 2709 1725 2783 lta-

286 2863 431 2914 messen
459 2862 654 2914 occurrere
683 2839 862 2934 dignatus
891 2841 965 2912 est:
994 2861 1085 2911 nam
1114 2840 1232 2912 etiam
1271 2839 1348 2911 iam
1376 2839 1505 2912 senior.
1529 2839 1600 2928 uir,
1636 2860 1726 2914 6666

286 2965 379 3040 66116
407 2965 606 3060 religiosus
622 2987 668 3038 ex
687 2963 884 3052 monacho,
905 2966 945 3036 et
965 2964 1127 3036 affabilis
1150 2963 1358 3058 suscipiens
1377 2964 1596 3060 peregrinos
1616 2964 1727 3038 valde

286 3091 400 3165 bene:
430 3113 534 3186 nam⁴
550 3092 590 3163 61
617 3089 657 3160 16
685 3088 881 3182 6661616616
903 3088 972 3162 Dei
1000 3088 1112 3162 valde
1131 3087 1305 3161 eruditus
1327 3055 1502 3184 estb‘lpse
1522 3109 1612 3184 ergo
1641 3111 1727 3162 curn

287 3239 326 3291 se
356 3185 542 3310 dignatus
574 3213 709 3286 fuisset
747 3236 896 3304 vexare,
934 3216 974 3287 et
1011 3213 1064 3286 ibi
1100 3213 1210 3286 nobis
1247 3235 1455 3304 occurrere,
1487 3215 1638 3308 singula
1675 3214 1729 3286 ibi

289 3341 467 3430 ostendit,
497 3362 563 3414 seu
593 3339 728 3413 retulit
756 3339 802 3414 de
831 3339 896 3411 illa
915 3341 1046 3412 statua
1060 3329 1083 3428 ⁵,
1105 3360 1199 3434 quas
1219 3339 1308 3428 dixi,
1335 3342 1380 3412 ut
1399 3339 1517 3412 etiam
1539 3342 1579 3412 61
1598 3339 1643 3414 (16
1663 3339 1729 3411 1116

290 3468 425 3542 arbore
453 3467 638 3540 sicomori.
660 3465 759 3539 Nam
787 3469 828 3539 et
845 3465 916 3556 hoe
943 3464 1051 3540 nobis
1077 3465 1156 3558 ipse
1185 3468 1338 3538 sanctus
1362 3465 1560 3560 episcopus
1580 3466 1728 3554 retulit,

289 3613 334 3666 eo
362 3591 463 3688 quod
491 3593 613 3664 Farao
642 3590 793 3686 quando
831 3589 946 3679 vidit,
982 3589 1083 3682 quod
1119 3588 1187 3660 lilii
1215 3589 1334 3662 lsrael
1363 3589 1590 3663 dimiserant
1618 3611 1727 3663 eum:

287 3721 381 3792 tunc
408 3718 483 3806 ille,
504 3717 726 3812 priusquam
747 3718 832 3810 post
860 3715 945 3787 illos
965 3715 1177 3809 occuparet,
1200 3714 1291 3788 isset
1320 3715 1528 3788 cumomni
1560 3717 1729 3788 exercitu

289 3867 358 3918 suo
386 3845 490 3917 intra
518 3841 706 3930 Ramesse,
737 3844 776 3914 61
805 3841 1032 3914 incendisset
1052 3862 1137 3913 earn
1166 3862 1328 3930 omnem,
1359 3841 1450 3937 quia
1473 3839 1625 3915 infinita
1646 3844 1730 3915 erat

289 3968 413 4058 valde,
442 3971 482 4042 et
519 3967 607 4040 inde
636 3969 721 4060 post
749 3965 845 4038 filios
874 3965 989 4038 Israel
1020 3964 1154 4038 fuisset
1183 3968 1416 4059 prosecutus.

195 4063 276 4216 ‘IX
334 4071 343 4176 Ι
370 4093 488 4166 Nobis
517 4095 648 4166 autem
677 4091 841 4164 fortuitu
872 4091 942 4164 hoc
961 4091 1223 4185 gratissimum
1239 4093 1381 4182 evenit,
1404 4096 1449 4164 ut
1478 4114 1523 4166 ea
1553 4092 1624 4182 die,
1655 4116 1731 4188 qua

291 4221 464 4294 venimus
488 4219 536 4292 ad
565 4218 799 4291 mansionem
816 4216 969 4306 Arabia,
1000 4216 1120 4312 pridie
1141 4241 1164 4289 a
1187 4214 1731 4312 116611661666611666161166166

373 4426 381 4460 ¹
397 4425 513 4504 Ingens
534 4424 615 4504 16616
635 4423 776 4500 thebeus,
798 4423 865 4484 6166
881 4443 898 4484 6
913 4421 1089 4483 Thebaidos
1104 4422 1220 4483 fodinis
1234 4422 1464 4502 porphyreticis
1480 4431 1595 4502 erutus,
1610 4423 1677 4486 6166
1694 4424 1734 4484 ad

293 4523 526 4586 similitudinem
547 4543 651 4584 eorum
672 4521 783 4600 factus,
804 4544 880 4599 quos
901 4523 934 4582 in
955 4522 1052 4582 ruinis
1074 4521 1250 4583 Thebarum
1271 4523 1392 4584 viderat
1413 4525 1491 4602 ipsa.

372 4621 383 4658 ⁹
397 4623 627 4682 Monumentum
638 4619 857 4699 pharaonieum
877 4619 976 4681 fuisse
999 4640 1119 4696 666666,
1133 4621 1163 4680 16
1186 4641 1244 4696 quo
1266 4621 1400 4682 fortasse
1411 4619 1535 4697 quidam
1550 4642 1588 4682 ex
1607 4621 1734 4699 regibus

294 4741 361 4782 cum
384 4720 507 4780 Osiride
533 4727 599 4780 erat
619 4719 762 4780 effictus:
784 4719 840 4780 sed
862 4739 897 4779 eo
920 4725 1057 4798 tempore
1078 4718 1248 4778 christiana
1268 4719 1369 4797 pietas
1393 4720 1483 4798 plura
1503 4719 1657 4780 mirabilia
1677 4721 1734 4780 Ae·

291 4819 381 4898 gypti
401 4825 595 4878 monumenta
610 4816 649 4878 ad
665 4823 789 4877 sanctae
804 4816 974 4894 scripturae
989 4823 1128 4893 tempora
1144 4822 1175 4876 et
1189 4817 1327 4878 homines
1342 4816 1506 4877 referebat.

372 4915 504 4978 ³Codex
524 4917 569 4976 ita
589 4936 622 4976 se
643 4915 753 4975 habet:
778 4915 888 4975 «Nam
909 4915 1087 4992 cuicumque
1107 4916 1141 4974 in
1162 4935 1220 4992 quo
1243 4916 1376 4976 moditas
1397 4914 1493 4976 fuerit
1506 4940 1533 4977 ».

372 5015 438 5076 ⁴Iu
464 5013 603 5092 margine
630 5013 754 5074 chartae
781 5012 960 5074 adnotatum
981 5021 1046 5073 est:
1069 5049 1106 5057 —
1129 5005 1250 5104 daudpm
1276 5013 1406 5090 alatam
1423 5052 1469 5076 -.
1489 5014 1735 5092 Palaeographia

292 5113 332 5174 ad
353 5133 432 5176 6666,
454 5113 517 5174 XV
538 5119 679 5190 66661666
700 5111 842 5172 videtur:
864 5112 1004 5190 suspicor
1024 5133 1145 5172 manum
1167 5113 1291 5190 Poggii,
1313 5113 1365 5190 qui
1394 5133 1450 5192 per
1471 5112 1587 5188 aliquot
1614 5111 1682 5172 dies
1703 5112 1735 5171 in

293 5213 429 5274 Abbatia
449 5213 602 5274 casinensi
623 5211 746 5272 codices
768 5211 897 5272 adsidue
919 5212 1155 5290 pervestigavit.

374 5311 451 5372 ⁵Sic
472 5311 538 5372 cod.
559 5311 668 5387 Neque
689 5329 762 5370 vero
785 5317 873 5370 66661
894 5317 1026 5388 statuae,
1049 5311 1105 5371 sed
1127 5331 1205 5390 6666
1227 5309 1436 5388 anaglyphum
1450 5309 1482 5370 16
1501 5309 1609 5370 eodem
1623 5309 1737 5388 lapide.

284 5441 287 5448 ⁴
376 5407 540 5470 ὃ8166661.
568 5431 623 5488 pro
648 5408 758 5486 vigilia
787 5408 988 5486 Epiphaniae.
1016 5409 1107 5468 Hunc
1135 5409 1349 5470 beatissimum
1376 5407 1458 5467 diem
1485 5407 1575 5484 dicit,
1605 5407 1643 5466 ob
1671 5427 1738 5467 eam

299 5527 417 5584 quoque
438 5528 571 5584 causam,
588 5507 668 5584 qnod
682 5513 755 5567 tunc
768 5506 878 5567 Graeci
894 5529 929 5568 ea
944 5509 1013 5586 ipsa
1027 5507 1078 5568 die
1093 5507 1237 5569 Natalem
1249 5507 1372 5568 Domini
1387 5505 1593 5584 celebrabant,
1608 5505 1738 5582 ideoque

300 5606 425 5684 vigiliae
446 5611 612 5666 nocturnae
633 5604 770 5682 agendae
793 5605 934 5665 arentin
955 5605 1095 5666 ccclesia.

1562 5727 1576 5778 7
