4622 6572
799 668 843 712 nn
867 669 1044 714 ursnnmrs
1066 669 1111 713 nn
1133 669 1240 714 nrum
1692 653 1736 718 25

302 886 510 982 disponere,
530 887 627 960 illud
641 887 726 962 duci
745 888 878 962 fntnro
897 909 1036 964 nomen
1056 882 1223 984 adlegitl
1245 889 1346 985 quod
1365 893 1450 964 eret
1468 894 1624 965 aeterno
1644 891 1734 965 duci

300 1013 378 1087 iam
397 1014 436 1087 in
451 1014 676 1089 coelestibus
695 1016 977 1110 praeparatum.
992 1013 1093 1088 Nam
1108 1019 1153 1088 ut
1166 1015 1227 1090 hic
1241 1038 1457 1112 synagogae
1472 1019 1656 1114 princeps,
1679 1015 1735 1092 ita

300 1137 365 1212 ille
393 1139 588 1226 ecclesiae;
618 1141 663 1211 ut
691 1138 768 1210 dux
795 1141 921 1212 terrae
942 1139 1183 1234 optinendae,
1203 1141 1260 1214 ita
1284 1141 1348 1216 ille
1368 1141 1445 1214 dux
1474 1145 1599 1216 terrae
1627 1143 1736 1218 here·

301 1263 493 1354 ditandae,
513 1263 559 1338 de
579 1286 655 1358 qua
673 1263 858 1337 Dominus
878 1265 933 1338 ait
946 1256 979 1338 ²:
1014 1267 1030 1300 “
1050 1265 1162 1338 Beati
1181 1265 1304 1356 miteS,
1327 1265 1508 1362 quonium
1527 1267 1597 1362 ipsi
1626 1267 1732 1342 here·

302 1387 482 1460 ditabunt
508 1389 649 1461 terram
671 1444 703 1476 ,.
732 1388 785 1460 Ut
812 1388 872 1462 hic
900 1391 986 1482 post
1012 1388 1187 1484 Moysen,
1218 1390 1274 1463 ita
1301 1389 1366 1462 ille
1393 1393 1480 1484 post
1512 1391 1658 1485 legem:
1688 1393 1735 1464 ut

302 1511 390 1584 huic
416 1511 559 1584 iterata
587 1511 741 1586 cultello
760 1512 911 1606 petrino
932 1513 1162 1587 circumcisio
1182 1516 1395 1608 praecepta,
1426 1516 1482 1586 ita
1510 1535 1533 1585 a
1561 1514 1736 1604 Domine,

303 1634 369 1730 qui
397 1639 437 1709 et
465 1637 624 1710 verbum
658 1639 815 1712 acutum
844 1640 914 1728 est,
944 1641 1146 1731 penetrans
1175 1639 1370 1733 usquead
1400 1638 1623 1712 divisionem
1658 1638 1739 1711 ani·

303 1781 399 1849 mae,
419 1764 459 1835 et
473 1761 568 1855 lapis
583 1762 788 1857 angularis,
804 1762 1036 1836 circumcisio
1056 1762 1178 1836 cordis
1201 1762 1416 1858 specialiter
1431 1753 1436 1862 l
1454 1762 1638 1837 innovata
1658 1765 1736 1837 est:
1765 1774 1803 1832 24

304 1887 351 1957 ut
368 1883 429 1958 hic
457 1883 629 1960 dividens
658 1907 789 1980 aquas,
809 1886 866 1959 ita
885 1885 950 1960 ille
965 1885 1136 1961 dividens
1155 1886 1327 1982 populos,
1347 1886 1404 1960 ait
1432 1877 1580 1961 enim³:
1614 1890 1630 1922 “
1650 1886 1739 1962 Non

303 2009 392 2084 veni
420 2031 552 2104 pacem
578 2010 743 2102 mittere,
764 2011 829 2084 sed
848 2009 1072 2085 divisionem
1098 2067 1129 2098 ,.
1159 2011 1212 2085 Ut
1231 2012 1292 2085 hic
1309 2011 1454 2107 lapides
1473 2011 1671 2086 duodecim
1699 2011 1740 2084 in

303 2134 568 2208 testimonium
596 2137 809 2226 aeternum,
839 2138 953 2210 etex
982 2134 1168 2229 profundo
1196 2135 1236 2207 in
1263 2139 1407 2208 terram
1444 2135 1631 2210 reseravit
1644 2125 1670 2227 ⁴,
1700 2138 1740 2210 et

306 2281 352 2332 ex
378 2261 484 2332 terra
511 2258 550 2331 in
578 2259 766 2355 profundo
785 2260 1005 2335 collocavit:
1027 2259 1083 2333 ita
1103 2259 1168 2334 ille
1187 2261 1434 2354 apostolicam
1454 2259 1678 2351 doctrinam,
1701 2261 1741 2334 et

306 2405 351 2458 ox
372 2405 566 2481 synagoga
593 2385 768 2480 protulit,
789 2387 828 2459 et
847 2385 886 2457 in
905 2405 1101 2481 synagoga
1120 2384 1342 2479 dereliquit:
1364 2385 1481 2459 etiam
1509 2407 1609 2460 nunc
1637 2407 1683 2460 ea
1710 2385 1743 2458 si

306 2510 424 2585 vellet
451 2533 580 2599 usura,
601 2531 687 2584 cum
707 2510 756 2582 ad
773 2509 1038 2584 testimonium
1057 2512 1258 2584 aeternum
1278 2511 1317 2584 in
1337 2509 1535 2584 duodecim
1548 2509 1742 2604 lapidibus

306 2633 516 2730 apostolica
545 2634 719 2708 doctrina
746 2636 786 2708 et
814 2635 965 2729 prolata
984 2637 1085 2708 esset
1103 2657 1150 2708 ex
1168 2633 1265 2730 lege,
1286 2637 1326 2708 et
1348 2637 1480 2710 tamen
1508 2635 1743 2729 reperiretur

306 2762 347 2834 in
381 2761 475 2855 lege.
508 2759 655 2835 Divisio
689 2765 820 2834 autem
857 2759 939 2856 ipsa
975 2783 1175 2856 aquarum,
1210 2783 1325 2855 quam
1362 2760 1516 2835 evidens
1553 2781 1743 2857 quamque

307 2886 485 2960 absoluta
512 2889 582 2978 est,
611 2909 698 2960 cum
726 2909 814 2980 pars
841 2886 992 2982 integra
1020 2889 1060 2960 et
1086 2885 1201 2981 plena
1230 2885 1449 2959 constiterit
1457 2907 1466 2974 ;
1496 2885 1631 2976 altera,
1661 2908 1742 2961 are-

306 3010 409 3084 facto
438 3010 560 3101 eluse,
589 3011 630 3086 in
657 3033 763 3086 mare
792 3011 914 3084 omnis
942 3009 1147 3101 effluxerit,
1177 3009 1301 3084 media
1320 3013 1452 3084 tamen
1479 3032 1568 3084 arca
1586 3009 1742 3085 Domini

308 3157 394 3210 cum
421 3135 682 3210 sacerdotibus
701 3135 934 3224 constituta3
955 3137 1026 3208 ant
1045 3133 1322 3229 significatione
1342 3133 1573 3228 intelligitur
1591 3138 1741 3230 partem

308 3260 439 3356 populi
467 3283 491 3334 a
519 3282 632 3335 cursu
660 3263 903 3358 peccatorum
923 3262 963 3334 et
990 3259 1125 3333 mortis
1152 3281 1244 3333 suae
1264 3257 1304 3332 in
1332 3258 1502 3334 adventu
1522 3279 1632 3336 areae
1660 3259 1744 3354 Dei,

308 3385 348 3458 id
376 3388 435 3459 est
464 3385 634 3461 adventu
662 3407 844 3480 corporeo
872 3384 1170 3460 destitutorum:
1191 3387 1343 3458 caetera
1362 3383 1403 3456 in
1421 3406 1540 3474 mare,
1561 3365 1686 3459 id‘est
1705 3386 1746 3458 in

310 3509 560 3584 damnatione
587 3509 728 3584 saeculi
747 3509 873 3601 huius,
895 3512 936 3584 et
954 3510 1188 3584 consortium
1207 3507 1408 3584 defluente.
1431 3507 1508 3582 Sub
1528 3510 1598 3583 hoc
1626 3509 1747 3604 igitur

309 3635 408 3724 Iesu,
438 3656 538 3729 quae
565 3635 635 3708 sub
662 3633 818 3707 Arahab
846 3637 887 3708 et
915 3635 954 3706 in
982 3633 1089 3707 Raab
1120 3636 1231 3728 gesta
1257 3637 1360 3723 sunt,
1387 3633 1646 3708 contuendum
1674 3637 1745 3708 est.

310 3759 579 3854 Exploratores
606 3779 771 3854 namque
801 3758 876 3832 duo
895 3757 944 3832 ad
972 3757 1241 3852 speculandam
1268 3761 1423 3850 terram,
1438 3761 1479 3832 et
1505 3757 1545 3832 in
1564 3757 1744 3833 Hiericho

311 3883 508 3958 civitatem
536 3883 584 3956 ad
610 3882 822 3957 meretricis
849 3883 963 3956 huius
990 3882 1147 3956 domurn
1179 3883 1445 3958 deverterunt:
1467 3882 1536 3956 hos
1563 3884 1745 3979 suscepit,

312 4008 351 4080 et
378 4005 558 4096 occultat,
586 4027 675 4101 rege
694 4006 743 4079 ab
771 4027 818 4080 ea
845 4005 1079 4080 deditionem
1097 4005 1329 4100 postulante,
1350 4027 1520 4081 reversos
1539 4015 1619 4080 esse
1639 4028 1744 4080 men·

311 4131 427 4207 titur:
457 4130 592 4206 deinde
620 4131 711 4227 ipsis
738 4130 841 4204 domi
856 4130 1045 4222 conditis,
1074 4132 1131 4206 ait
1158 4135 1254 4206 scire
1281 4153 1332 4223 se,
1362 4131 1463 4227 quod
1483 4131 1611 4207 omnia
1638 4131 1744 4205 urbis

313 4257 394 4332 eius
426 4256 517 4356 ipsis
552 4255 737 4332 Dominus
769 4255 993 4330 tradiderit:
1031 4255 1232 4351 Deumque
1261 4249 1402 4353 [eorum
1439 4277 1520 4331 esse
1556 4277 1669 4328 suum
1709 4255 1750 4328 in

313 4383 418 4457 coelo
446 4386 487 4457 et
514 4382 555 4455 in
587 4385 691 4456 terra
728 4383 915 4472 deorsum,
955 4385 1000 4454 ut
1036 4403 1076 4456 se
1113 4385 1229 4477 atque
1266 4403 1416 4456 omnem
1451 4381 1606 4454 domum
1640 4404 1748 4455 suam

312 4511 484 4602 tempore
512 4498 743 4601 capiendae⁵
762 4507 867 4580 urbis
899 4509 1125 4582 conservent
1152 4509 1339 4602 precatur.
1367 4507 1637 4601 Exploratores
1667 4507 1745 4603 pol-

313 4632 496 4722 licentur,
526 4631 704 4726 quicquid
739 4631 843 4704 intra
870 4629 1026 4703 domum
1062 4631 1143 4704 eius
1180 4634 1374 4726 repertum
1406 4633 1523 4720 esset,
1556 4631 1748 4705 incolume

314 4775 557 4846 mansurum,
586 4756 758 4850 sibiipsi
790 4751 925 4829 reum⁶
953 4755 1129 4828 futurum
1156 4755 1324 4851 quisquis
1357 4755 1469 4830 domo
1497 4760 1596 4830 esset
1625 4777 1746 4851 egres·

314 4903 402 4953 sus:
436 4902 515 4955 esse
547 4884 676 4954 autem
709 4881 860 4974 signum
890 4879 1089 4975 pendentis
1120 4880 1165 4954 de
1198 4879 1366 4956 fenestra
1402 4881 1519 4956 vestis
1554 4879 1749 4956 coccineae

315 5005 567 5080 constituunt.
596 5005 767 5100 Itemque
790 5027 941 5080 omnam
960 5005 1061 5080 Iesui
1080 5007 1274 5096 nuntiant,
1294 5004 1343 5078 ad
1370 5005 1505 5080 urbem
1524 5004 1659 5080 deinde
1688 5026 1751 5079 ac·

316 5129 479 5206 ceditur:
506 5131 605 5204 hanc
632 5130 846 5206 sacerdotes
865 5152 952 5205 cum
972 5152 1060 5205 arca
1078 5129 1231 5204 Domini
1249 5150 1314 5203 sex
1333 5127 1465 5204 diebus
1487 5131 1745 5205 circumeunt:

398 5415 406 5444 ¹
423 5404 537 5466 adlecit
550 5441 585 5457 -
600 5415 610 5448 ¹
624 5407 736 5468 Matth.
758 5407 796 5484 V,
810 5409 830 5467 4
844 5415 903 5458 -³
919 5405 1031 5467 Matth.
1053 5407 1095 5483 X,
1116 5409 1156 5466 34
1168 5435 1205 5447 -
1220 5413 1230 5446 ⁴
1245 5407 1418 5470 reservavit
1438 5443 1465 5452 -
1484 5415 1495 5448 ⁶
1510 5407 1676 5486 oopiends;
1698 5406 1754 5467 sed

318 5503 483 5582 capiendae
504 5524 580 5564 corr.
602 5525 682 5566 saec.
704 5505 784 5566 XVI
804 5535 838 5544 -
859 5515 981 5583 ⁰reum,
1002 5504 1155 5568 adiectum
1176 5525 1255 5567 esec.
1278 5505 1349 5568 XV.

1576 5603 1597 5662 4
