4622 6572
770 778 814 821 an
839 775 923 822 noca
947 776 1074 822 assera
1097 776 1152 823 nr.
1176 781 1277 823 ees-ses
1701 757 1743 820 57

306 866 1035 876 ffl--m--m-..m

302 995 427 1069 aiones
455 999 552 1070 octo.
583 995 746 1070 Cernens
775 999 906 1070 autem
936 994 1076 1070 dicitur
1104 995 1238 1070 civitas
1266 995 1346 1086 lob,
1381 1017 1478 1090 quae
1516 998 1606 1070 ante
1644 995 1747 1070 dicta

304 1123 362 1194 est
389 1121 574 1196 Dennaba
602 1121 641 1193 in
669 1125 773 1195 terra
801 1121 981 1212 Ausitidi,
1002 1123 1043 1194 in
1062 1121 1200 1194 finibus
1218 1120 1399 1195 Idumeaa
1419 1124 1460 1194 et
1478 1113 1678 1196 Arabiae¹.
1700 1121 1744 1194 In

304 1270 380 1342 quo
408 1247 545 1321 Itinere
573 1247 680 1321 hiens
707 1247 786 1322 vidi
815 1269 926 1342 super
954 1247 1075 1343 ripam
1104 1246 1272 1320 fluminis
1300 1246 1473 1320 Iordanis
1502 1247 1643 1320 vallem
1662 1247 1745 1342 pul·

266 1416 271 1428 ·
304 1373 434 1446 ohram
463 1373 569 1464 satis,
598 1376 852 1463 stammam,
883 1371 1172 1446 habundantem
1196 1371 1316 1447 vineis
1345 1375 1385 1446 et
1413 1371 1632 1446 arboribus:
1654 1394 1747 1466 quo·

304 1498 408 1570 niam
436 1521 559 1592 aquae
586 1499 707 1571 multe
736 1499 790 1572 ibi
818 1501 941 1588 erant,
971 1501 1010 1572 et
1038 1499 1208 1592 optimae
1236 1463 1472 1570 sausssrlam
1504 1497 1543 1570 in
1573 1519 1618 1570 ea
1645 1497 1747 1572 valle

304 1623 410 1698 vicus
437 1628 523 1698 erat
549 1625 715 1720 grandis,
736 1625 802 1720 qui
823 1625 1038 1721 appellatur
1057 1646 1157 1699 nunc
1178 1623 1328 1698 Sedima
1343 1615 1367 1697 2.
1397 1623 1442 1696 In
1461 1645 1505 1698 eo
1534 1644 1625 1720 ergo
1649 1626 1744 1712 vice,

306 1751 372 1848 qui
399 1753 457 1825 est
484 1751 524 1824 in
552 1751 677 1824 media
705 1751 863 1846 planitie
892 1751 1051 1847 positus,
1080 1749 1120 1823 in
1150 1750 1276 1824 medio
1309 1751 1391 1824 loco
1425 1752 1484 1824 est
1515 1749 1747 1823 monticulus

387 2084 395 2118 ¹
412 2083 464 2144 Nil
488 2083 622 2159 dubium,
644 2083 717 2160 quin
736 2083 875 2144 Carnaea
896 2084 939 2144 sit
954 2082 1265 2159 (damaim-Astaroth,
1282 2089 1363 2144 teste
1381 2081 1525 2160 Eusebio,
1543 2083 1649 2144 Onam.
1665 2081 1705 2142 ad
1719 2101 1748 2142 v.

307 2185 390 2261 qnod
410 2185 507 2244 vertit
527 2184 751 2261 Hieronymus:
776 2182 1118 2260 ‹Carnam-Astaroth,
1142 2183 1283 2242 (larnaim
1303 2202 1382 2242 nunc
1404 2182 1491 2244 vicus
1506 2191 1556 2244 est
1570 2181 1697 2260 grandis
1717 2183 1749 2243 iu

310 2284 421 2360 angulo
432 2285 616 2361 Batanaeae,
629 2290 661 2344 et
672 2283 845 2362 appellatur
857 2281 994 2343 (lernaea
1005 2287 1091 2342 trans
1102 2281 1218 2342 fluenta
1228 2281 1370 2342 Iordanis
1380 2301 1386 2340 ε
1398 2280 1585 2358 traduntque
1595 2282 1639 2342 ibi
1651 2281 1750 2342 fuisse

309 2381 367 2443 Iob
379 2407 406 2444 α.
429 2384 490 2444 Sed
511 2385 607 2444 verba
624 2383 752 2444 Eusebii
767 2388 839 2442 sunt
852 2381 943 2443 hacc:
968 2405 983 2439 ‹
994 2383 1081 2472 χώρη
1103 2383 1236 2472 μεγίστη
1256 2391 1313 2454 τῆς
1332 2383 1490 2470 Ἀραβίας,
1511 2382 1564 2444 καὶ
1580 2382 1649 2457 bnt
1666 2385 1749 2446 ἐστιν

308 2491 327 2558 ἡ
354 2483 514 2547 Βαταναία
537 2475 708 2571 laqueatus
726 2503 752 2539 α.
774 2480 863 2540 Idem
884 2478 1056 2538 Eusebius:
1080 2477 1267 2556 «Astaroth,
1289 2479 1415 2557 antiqua
1436 2476 1549 2539 civitas
1557 2523 1746 2542 .......

311 2579 448 2660 regionis
469 2580 634 2656 Bataneae,
657 2585 688 2638 et
703 2597 758 2639 sex
773 2575 909 2637 millibus
924 2577 963 2636 ab
978 2575 1064 2636 Adra
1078 2577 1154 2636 urbe
1169 2576 1303 2637 Arabiae
1317 2583 1461 2655 separata
1475 2583 1532 2637 est.
1547 2577 1645 2636 Porro
1665 2577 1751 2637 Adra

309 2701 328 2742 a
348 2681 464 2741 Bostra
483 2677 730 2757 vigintiquinque
752 2675 889 2736 millibus
910 2676 1046 2737 distat».
1069 2675 1154 2736 Haec
1180 2675 1364 2753 sufficerent,
1385 2683 1420 2736 ut
1439 2677 1529 2738 nobis
1558 2676 1750 2754 distinguere

307 2778 401 2840 liceat
421 2777 564 2839 Garnaim
585 2799 603 2838 a
623 2778 737 2838 Bostra
756 2776 809 2838 vel
829 2777 937 2851 Bosor,
953 2795 1029 2854 quas
1044 2795 1138 2836 unum
1156 2781 1188 2836 et
1201 2775 1284 2836 idem
1298 2775 1417 2836 faciunt
1430 2775 1522 2837 hodie
1538 2776 1662 2854 quidam
1683 2797 1749 2838 eru·

307 2877 366 2938 diti
386 2877 463 2955 viri,
484 2897 611 2954 quorum
632 2875 812 2955 praecipuas
833 2874 1002 2938 sententias
1024 2873 1151 2953 collegit
1172 2875 1210 2936 cl.
1231 2893 1260 2935 v.
1288 2874 1472 2936 Vincentius
1499 2873 1618 2938 Ire-vu
1640 2875 1673 2935 in
1694 2895 1750 2936 suo

311 2976 504 3036 Onomastico
526 2973 565 3034 ad
587 2993 615 3033 v.
637 2975 784 3033 Astaroth
805 2977 838 3033 et
851 2973 960 3033 Bosor.
976 2972 1093 3033 Verum
1105 2992 1168 3033 non
1181 2991 1230 3032 me
1244 2971 1328 3050 fugit
1348 2991 1475 3050 gravem
1496 2972 1568 3034 inde
1597 2973 1749 3050 quaestio-

307 3096 376 3136 nem
399 3074 520 3150 exoriri,
536 3094 625 3151 quam
639 3079 742 3133 tamen
756 3071 868 3133 leviter
881 3072 1096 3150 perstringam.
1114 3071 1269 3134 Eusebius
1284 3072 1365 3132 clare
1381 3071 1518 3150 seiungit
1531 3073 1675 3134 Bostram
1689 3094 1750 3134 mc·

307 3174 452 3252 tropolim
472 3173 607 3234 Arabiae
629 3171 731 3252 (adv.
761 3172 886 3262 llccro'p;
908 3169 1061 3232 Ammieu.
1083 3171 1219 3232 Marcell.
1249 3173 1268 3232 l.
1291 3171 1380 3246 XIV,
1402 3171 1457 3231 27:
1481 3171 1620 3232 «civitas
1640 3171 1750 3251 ingens

248 3281 252 3294 '
308 3271 485 3351 Arabiae»)
507 3292 525 3331 a
546 3271 688 3332 Garnaim
709 3269 777 3330 vico
799 3269 832 3330 in
853 3269 965 3346 angulo
986 3271 1178 3332 Batanaeae:
1194 3291 1368 3330 mensuram
1387 3289 1507 3348 quoque
1527 3270 1650 3332 itineris
1670 3271 1752 3332 iuter

309 3390 362 3431 eas
384 3370 506 3448 statuit,
527 3389 598 3429 nam
619 3368 716 3429 millia
736 3388 830 3428 unum
852 3377 883 3428 et
904 3367 1034 3445 triginta
1054 3388 1110 3447 per
1135 3367 1252 3429 Adram
1279 3367 1470 3429 intercedere
1498 3367 1614 3429 scribit.
1643 3369 1751 3446 Neque

309 3468 385 3551 illud
407 3467 532 3528 videtur
551 3468 720 3546 probabile,
741 3487 833 3526 uuam
854 3465 1012 3526 ciuitatem
1033 3465 1152 3526 duobus
1167 3465 1341 3526 nominibus
1356 3465 1463 3528 eodem
1482 3474 1619 3546 tempore
1640 3466 1751 3544 notari,

310 3588 402 3645 quum
420 3587 508 3627 suum
522 3566 679 3645 proprium
692 3585 802 3625 nomen
815 3563 976 3640 utriusque
992 3564 1129 3624 civitatis
1143 3563 1175 3624 in
1188 3564 1277 3625 libris
1292 3565 1556 3642 monumentisque
1571 3565 1751 3644 reperiatur.

311 3665 454 3728 Getarum
475 3665 514 3726 de
537 3685 573 3725 ea
594 3664 809 3742 singularitate
830 3663 953 3740 quidem
974 3663 1144 3741 Peregrina
1164 3681 1224 3724 non
1244 3665 1409 3741 tacuisset,
1431 3665 1544 3744 quippe
1572 3683 1648 3740 qnae
1677 3663 1754 3724 anti·

310 3785 403 3843 quum
424 3762 484 3825 vici
505 3783 617 3824 nomen
627 3763 776 3824 Dennaba
796 3769 982 3840 revocasset,
1005 3763 1125 3824 erudite
1146 3761 1281 3824 fortasse
1298 3764 1424 3843 (Euseb.
1440 3763 1474 3824 in
1487 3783 1516 3824 v.
1533 3764 1682 3850 Δαναβά).
1706 3763 1754 3822 Ex

311 3862 403 3924 dictis
416 3869 579 3942 praeterea
593 3861 743 3922 deducere
761 3881 924 3939 possumus
937 3863 1095 3924 civitatem
1110 3863 1277 3924 (lernaeam
1292 3861 1324 3922 in
1338 3862 1451 3924 finibus
1464 3861 1563 3924 fnisse
1576 3863 1752 3924 Batanaeae

312 3969 344 4021 et
362 3959 512 4020 Arabiae:
534 3979 570 4020 ea
592 3959 683 4036 enim,
705 3979 781 4037 quae
803 3968 1006 4038 apponuntur,
1031 3959 1092 4020 «in
1114 3959 1227 4020 finibus
1241 3959 1387 4021 Idumeae
1403 3968 1435 4022 et
1449 3960 1610 4020 Arabiae»
1632 3979 1694 4020 non
1715 3956 1754 4018 ad

310 4057 370 4120 loci
380 4059 545 4120 veritatem
556 4064 700 4135 spectant
713 4059 872 4139 (Idumaea
886 4058 968 4120 enim
982 4058 1015 4118 in
1029 4059 1155 4138 regione
1166 4059 1359 4120 meridionali
1371 4058 1505 4122 Iudaeae
1515 4057 1754 4138 porrigebatur),

310 4154 366 4216 sed
387 4175 426 4216 ex
446 4175 482 4216 eo
504 4153 715 4215 additamento
736 4154 808 4215 libri
829 4155 901 4231 Iob,
923 4155 1005 4232 qnod
1026 4154 1060 4216 iu
1080 4155 1222 4217 versione
1238 4177 1350 4234 graeca
1364 4157 1482 4235 legitur
1496 4163 1587 4234 atque
1600 4155 1633 4216 in
1647 4161 1754 4216 vetere

310 4254 416 4330 latina,
439 4261 488 4316 est
509 4253 733 4333 depromptum.
755 4255 892 4332 Longius
914 4277 932 4316 a
951 4255 1083 4318 Iordane
1105 4277 1195 4333 quam
1217 4257 1331 4318 Bostra
1352 4255 1489 4317 Garnaea
1510 4256 1652 4317 extabat:
1674 4253 1755 4334 quod

311 4373 372 4414 non
392 4351 482 4414 modo
504 4372 542 4413 ex
563 4353 707 4426 Eusebio,
729 4353 785 4416 sed
807 4353 900 4414 etiam
918 4373 956 4415 cx
970 4353 1092 4416 itineris
1111 4353 1285 4416 intervallis
1307 4355 1418 4415 deduci
1438 4359 1551 4432 potest.
1575 4354 1651 4416 Octo
1673 4355 1755 4416 enim

312 4451 487 4512 mansiones
508 4451 736 4530 Hierosolymis
758 4451 926 4513 (lernaeam
944 4454 1190 4530 numerabantur,
1210 4475 1300 4532 quum
1313 4459 1379 4515 tres
1395 4461 1514 4514 tantum
1527 4453 1756 4532 Hierosolymis

314 4550 523 4629 Scithopolim,
536 4571 591 4629 per
601 4571 692 4628 quam
703 4551 787 4612 iuxta
798 4551 962 4612 Iordanem
972 4551 1169 4626 transibatur‚
1182 4552 1373 4614 sufficerent:
1384 4574 1458 4630 ergo
1470 4552 1549 4613 aliae
1560 4553 1693 4631 quinque
1709 4573 1756 4613 sn-

312 4650 470 4727 parabant,
484 4655 519 4709 ut
534 4649 701 4710 Oai-uaeam
719 4648 922 4710 accederetur.
940 4649 1001 4710 Sed
1016 4649 1126 4712 civitas
1140 4651 1255 4710 Bostra
1269 4672 1288 4711 a
1305 4651 1437 4712 Iordane
1450 4651 1545 4710 trium
1560 4657 1613 4710 aut
1627 4658 1758 4728 quatuor

314 4747 431 4808 dierum
453 4747 555 4825 spatio
576 4746 731 4809 disiuncta
752 4754 819 4807 erat
840 4747 967 4828 (DeVit
987 4749 1018 4809 iu
1039 4770 1068 4809 v.
1088 4749 1216 4828 Boeor):
1230 4769 1291 4810 una
1305 4747 1402 4826 igitur
1416 4749 1467 4810 vel
1481 4748 1559 4810 duae
1575 4755 1757 4826 supererant

313 4845 488 4906 mansiones
509 4845 548 4906 ad
570 4845 739 4906 (lernaeam
759 4865 855 4923 usque
877 4847 1026 4907 orientem
1046 4867 1165 4924 versus,
1187 4847 1271 4908 aliud
1292 4847 1366 4908 licet
1386 4847 1447 4908 iter
1467 4867 1485 4908 a
1506 4845 1677 4907 viatoribus
1699 4866 1757 4906 su-

313 4951 456 5005 meretur.
478 4943 580 5006 Hcdis
600 4945 715 5006 Bostra
734 4945 849 5006 retinet
868 4946 901 5006 in
918 4946 1045 5023 regione
1066 4949 1220 5007 Haouruu
1240 4947 1340 5008 locum
1361 4955 1393 5008 et
1413 4965 1525 5007 nomen
1551 4947 1681 5023 Botere,
1703 4944 1757 5005 ubi

313 5043 444 5122 plurima
458 5053 654 5106 monumenta
666 5063 778 5120 graeca
792 5046 883 5121 atque
901 5045 998 5105 latina
1018 5050 1092 5105 sunt
1106 5053 1229 5124 reperta
1245 5046 1482 5126 (Waddington,
1501 5048 1648 5120 Iuemtpt.
1662 5065 1710 5122 pr.
1729 5051 1757 5103 et

315 5143 367 5201 lat.
389 5146 425 5200 de
446 5145 478 5201 lc
500 5141 590 5218 Syrie
610 5163 639 5202 n.
654 5143 732 5201 1910
746 5147 778 5202 et
793 5142 907 5220 seqq.):
922 5143 1118 5219 quamobrem
1133 5142 1302 5202 (lernaeam
1315 5142 1349 5202 id
1365 5149 1413 5203 est
1431 5142 1582 5203 Astaroth
1604 5139 1756 5215 Garnaim,

316 5239 342 5298 si
366 5258 431 5299 rern
459 5261 497 5300 ex
517 5239 728 5317 superioribus
744 5239 909 5300 sententiis
933 5239 1137 5318 conficiamus,
1164 5239 1203 5300 ad
1229 5247 1351 5301 montes
1370 5243 1531 5314 Hecuran,
1555 5239 1607 5316 qui
1631 5245 1704 5300 tunc
1725 5237 1758 5298 in

314 5336 465 5398 limitibus
487 5338 661 5398 Batanacae
682 5338 830 5398 Arabiam
851 5337 1048 5415 definiebant,
1069 5339 1205 5416 positam
1226 5359 1296 5400 esse
1318 5347 1450 5400 constat.

394 5434 406 5470 ²
420 5436 516 5497 Vicus
532 5436 656 5496 Sedima
671 5437 792 5497 omnino
807 5437 950 5515 ignotus:
965 5457 1072 5498 verum
1087 5437 1168 5498 idem
1183 5437 1281 5499 fuisse
1296 5437 1429 5514 videtur,
1444 5438 1496 5516 qui
1511 5438 1549 5499 ab
1563 5438 1755 5518 Hieronymo

318 5533 452 5615 (Nomia.
473 5535 569 5596 Hebr.
591 5535 623 5594 in
645 5555 673 5596 v.
697 5535 812 5614 Salem)
834 5535 1008 5614 appellatas
1030 5542 1079 5597 est
1101 5536 1255 5598 Salumias
1277 5537 1310 5597 in
1332 5546 1440 5600 octavo
1466 5537 1569 5617 lapide
1590 5559 1609 5598 a
1630 5537 1760 5616 Scytho-

318 5633 381 5710 pcli
404 5633 508 5714 (hodie
530 5635 661 5712 Busan).

1600 5777 1616 5831 8
