4604 6560
772 718 815 764 sn
838 717 924 765 noos
947 715 1075 764 snucm
1096 718 1152 765 ur.
1176 723 1274 767 css-sss
1680 700 1742 768 107

305 939 412 1014 nitur
439 941 622 1018 cathedra
649 940 836 1037 episcopo,
865 943 906 1016 et
927 940 981 1014 ibi
1000 965 1097 1015 unus
1116 943 1157 1015 et
1178 963 1275 1015 unus
1294 939 1412 1016 vadet
1429 939 1502 1016 viri
1522 961 1609 1016 cum
1628 942 1742 1037 patre

305 1087 386 1156 suo,
416 1068 487 1139 aut
513 1065 652 1139 mulier
679 1087 766 1139 cum
794 1067 1027 1156 matresua,
1055 1067 1096 1139 et
1128 1065 1263 1140 reddet
1290 1064 1494 1139 simbolum
1530 1064 1702 1162 episcopo
1718 1056 1743 1140 ¹.

305 1187 465 1262 Reddite
492 1191 624 1262 autem
652 1187 812 1262 simbolo
840 1191 1026 1284 episcope,
1056 1189 1268 1284 alloquitur
1300 1211 1431 1264 omnes
1458 1189 1666 1285 episcopua,
1699 1191 1739 1264 et

306 1314 426 1388 dicet:
446 1313 521 1389 Per
539 1313 633 1389 istas
651 1317 795 1410 septem
815 1314 1048 1410 septimanas
1064 1314 1188 1408 legem
1208 1335 1358 1388 omnem
1377 1314 1503 1389 edocti
1517 1314 1608 1388 estis
1628 1315 1744 1408 scrip·

305 1441 504 1514 turarum:
531 1459 706 1514 necnon
733 1437 852 1512 etiam
880 1438 926 1512 de
953 1437 1027 1513 fide
1054 1437 1237 1512 audistis:
1268 1437 1429 1512 audistis
1465 1439 1583 1512 etiam
1621 1442 1661 1512 et
1699 1437 1745 1512 de

306 1565 583 1640 resurrectione
601 1564 737 1655 carnis,
757 1563 823 1639 sed
841 1566 882 1638 ot
900 1563 1054 1659 singuli,
1076 1583 1229 1637 omnem
1246 1563 1449 1654 rationem,
1469 1567 1515 1636 ut
1540 1562 1742 1658 potuistis:

306 1692 448 1764 tamen
464 1689 590 1764 adhuc
617 1689 872 1764 cathecumini
900 1688 1033 1763 audire
1057 1689 1229 1779 verbum,
1249 1691 1319 1762 aut
1339 1710 1437 1784 quae
1456 1691 1549 1762 sunt
1568 1687 1744 1784 mysterii

306 1814 466 1906 altioris,
486 1814 526 1887 id
544 1816 602 1890 est
616 1814 739 1918 ipsius
757 1813 950 1909 baptismi,
971 1813 1061 1908 quia
1080 1813 1204 1886 adhuc
1221 1813 1477 1888 cathecumini
1504 1812 1637 1887 audire
1665 1834 1744 1887 non

306 1939 486 2033 potestis:
516 1940 557 2012 et
583 1957 631 2012 ne
658 1936 853 2011 extimatis
876 1935 1022 2031 aliquid
1040 1935 1121 2010 sine
1139 1937 1289 2012 ratione
1308 1935 1404 2029 fieri,
1425 1957 1512 2010 cum
1530 1935 1571 2008 in
1590 1934 1744 2009 nomine

306 2063 378 2138 Dei
404 2062 611 2160 baptidiati
638 2061 802 2152 fueritis,
831 2082 898 2157 per
925 2065 1011 2136 octo
1040 2062 1119 2142 dies
1147 2062 1355 2156 paschales,
1385 2066 1472 2158 post
1498 2062 1614 2136 missa
1642 2062 1745 2136 lacta

309 2186 355 2262 do
383 2186 551 2278 ecelesia,
580 2185 620 2261 in
648 2185 836 2260 Anastase
864 2186 1049 2262 audietis:
1078 2187 1170 2283 quia
1197 2186 1321 2262 adhuc
1348 2187 1603 2262 cathecumini
1639 2187 1742 2278 estis,

309 2313 482 2389 misteria
508 2311 579 2388 Dei
606 2311 812 2386 secretiora
840 2311 913 2386 dici
940 2311 1048 2388 vobis
1076 2334 1154 2386 nou
1180 2315 1341 2408 possunt
1353 2305 1378 2386 ².

389 2437 484 2512 Post
500 2440 634 2511 autem
662 2436 838 2512 venerint
865 2435 944 2510 dies
972 2436 1147 2532 paschae,
1176 2458 1242 2531 per
1268 2437 1355 2510 illos
1383 2439 1469 2510 octo
1497 2435 1589 2527 dies,
1619 2435 1746 2512 idest

310 2561 501 2657 apascha
528 2581 648 2657 usque
676 2559 725 2634 ad
752 2562 920 2650 octavas,
948 2559 1271 2656 quemadmodum
1299 2561 1414 2636 missa
1438 2561 1543 2636 facta
1561 2561 1678 2636 fuerit
1697 2561 1744 2636 de

310 2686 466 2762 ecclesia
501 2687 544 2760 et
569 2686 650 2759 itur
677 2707 762 2760 cum
790 2685 916 2783 ymnis
943 2685 991 2759 ad
1019 2684 1228 2776 Anastase,
1257 2709 1346 2760 mox
1377 2686 1422 2761 fit
1458 2686 1599 2777 oratio,
1629 2687 1759 2772 bene·¹

311 2811 492 2886 dicuntur
509 2810 650 2902 fideles,
670 2812 712 2885 et
729 2813 809 2884 stat
827 2811 1022 2906 episcopus
1040 2809 1262 2886 incumbens
1285 2813 1325 2885 in
1354 2811 1519 2887 cancello
1547 2811 1744 2902 interiore,

310 2935 377 3031 qui
404 2937 463 3010 est
490 2935 531 3010 in
558 2935 737 3031 spelunca
765 2933 975 3024 Anastasis,
1003 2937 1045 3009 et
1071 2939 1236 3032 exponet
1263 2936 1402 3027 omnia,
1441 2958 1539 3032 quae
1575 2941 1746 3030 aguntur

310 3060 350 3134 in
377 3060 569 3156 baptismo
583 3053 608 3134 ⁸.
637 3059 711 3133 Illa
744 3061 875 3134 autem
912 3060 1008 3134 hora
1043 3061 1330 3136 cathecuminus
1357 3062 1487 3135 nullus
1515 3060 1669 3136 accedet
1696 3060 1746 3134 ad

309 3182 517 3259 Anastase:
546 3186 701 3258 tantum
728 3182 861 3259 neofiti
890 3188 931 3257 et
958 3183 1099 3274 fideles,
1129 3185 1194 3280 qui
1221 3185 1359 3260 volunt
1386 3185 1519 3259 audire
1545 3184 1742 3280 mysteria,

308 3308 349 3383 iu
368 3307 556 3384 anastase
574 3307 745 3382 intrant:
767 3308 999 3382 clauduntur
1017 3310 1149 3384 autem
1168 3311 1279 3400 ostia,
1299 3311 1434 3405 nequi
1457 3308 1744 3384 cathecuminus

308 3455 348 3508 se
376 3433 529 3530 dirigat.
557 3433 788 3529 Disputaute
816 3435 948 3507 autem
973 3434 1146 3529 episcopo
1166 3435 1317 3528 singula
1336 3436 1376 3508 et
1395 3437 1589 3522 narrante,
1609 3436 1743 3508 tantae

308 3580 418 3634 voces
446 3562 539 3634 sunt
565 3558 879 3648 collaudantium,
909 3563 955 3632 ut
973 3580 1085 3653 porro
1105 3559 1207 3632 foras
1226 3560 1383 3634 ecclesia
1401 3558 1610 3632 audiantur
1628 3579 1741 3633 voces

309 3673 481 3759 eorum⁴.
510 3681 608 3758 Vere
636 3683 739 3758 enim
767 3683 824 3756 ita
851 3683 1022 3758 misteria
1051 3684 1179 3757 omnia
1206 3684 1417 3774 absolvent,
1437 3685 1484 3756 ut
1507 3681 1636 3755 nullus
1664 3705 1742 3757 non

308 3809 429 3904 possit
456 3807 688 3883 commoveri
715 3807 763 3880 ad
792 3829 850 3897 ea,
879 3828 976 3902 quae
1003 3806 1114 3881 audit
1146 3808 1198 3882 sic
1225 3809 1373 3903 exponi.
1408 3807 1459 3880 Et
1490 3806 1672 3902 quoniam
1703 3806 1745 3879 in
1824 3851 1831 3878 1

311 3955 357 4008 ea
384 3931 579 4028 provincia
606 3954 694 4028 pars
730 3932 862 4028 populi
900 3934 940 4005 et
966 3953 1075 4026 grece
1111 3934 1151 4005 et
1189 3933 1315 4006 siriste
1342 3931 1476 4023 novit,
1513 3954 1601 4027 pars
1628 3933 1747 4006 etiam

311 4058 389 4132 alia
417 4079 484 4153 per
510 4079 550 4132 se
577 4079 698 4153 grece,
727 4057 857 4152 aliqua
884 4057 1003 4131 etiam
1029 4079 1117 4152 pars
1144 4060 1298 4131 tantum
1327 4058 1473 4132 siriste:
1494 4057 1626 4151 itaque
1654 4079 1746 4151 quo·

309 4183 414 4256 niam
442 4182 638 4279 episcopus
666 4181 756 4257 licet
782 4181 908 4256 siriste
931 4181 1095 4271 noverit,
1116 4185 1246 4258 tamen
1266 4202 1541 4278 sempergrece
1562 4180 1745 4276 loquitur,

378 4457 398 4524 ‚¹
413 4457 570 4520 Recitatio
591 4457 723 4536 symboli
744 4455 828 4536 qnod
849 4455 1060 4520 catechumeni
1086 4454 1259 4518 reddebant
1280 4455 1434 4534 episcopo,
1454 4453 1550 4516 fiebat
1569 4474 1658 4516 mane
1685 4454 1750 4516 diei

309 4557 500 4618 Palmarum:
522 4554 579 4617 sed
599 4554 639 4616 ad
653 4555 731 4616 illud
745 4552 928 4616 medendum
942 4552 1053 4614 feriam
1067 4553 1204 4631 quintam
1219 4559 1291 4616 ante
1304 4553 1427 4614 Pascha
1440 4551 1618 4614 indixerunt
1632 4550 1749 4614 Ooucil.

309 4654 435 4717 Laodic.
456 4673 522 4716 can.
542 4657 582 4716 46
603 4667 636 4716 et
649 4653 829 4715 Trullanum
843 4673 908 4714 can.
924 4654 972 4730 78,
987 4660 1020 4714 et
1033 4653 1195 4714 sabbatum
1208 4651 1354 4732 paschale
1375 4651 1506 4714 ecelesia
1525 4651 1665 4714 Romans
1686 4654 1750 4735 (Sa

309 4772 401 4814 cram.
421 4752 511 4814 Rom.
532 4752 605 4818 eccl.
627 4751 648 4812 1.
669 4752 728 4812 111
757 4753 820 4832 42).
1515 4771 1517 4774 ·

390 4851 402 4887 ²
416 4851 512 4930 Viget
531 4855 715 4929 pervetusta
735 4849 838 4912 arcam
852 4849 1025 4928 disciplina,
1045 4847 1135 4910 nefas
1150 4868 1219 4910 esse
1237 4869 1325 4911 sacra
1338 4847 1489 4930 mysteria
1503 4856 1536 4912 et
1556 4859 1751 4914 sacramenta

310 4948 492 5028 praesertim
512 4947 660 5027 baptismi
675 4955 709 5009 et
722 4947 926 5008 eucharistiae
947 4945 1080 5008 ethnicis
1102 4951 1135 5008 et
1154 4945 1383 5009 catechumenis
1404 4949 1532 5027 aperire.

389 5045 483 5107 ³Hoc
502 5053 626 5125 tempus
649 5045 794 5124 designat
815 5045 845 5106 S.
862 5043 998 5123 Gyrillns
1014 5043 1152 5125 (Gatech.
1167 5045 1296 5121 xxm,
1311 5065 1376 5124 cap.
1393 5048 1444 5127 33)
1460 5046 1499 5108 ad
1516 5046 1690 5126 neophytos
1712 5047 1750 5108 de

311 5143 497 5207 christianae
517 5143 591 5206 fidei
612 5143 771 5225 mysteriis
792 5141 989 5205 erudiendos.

391 5242 404 5277 ⁴
418 5241 450 5305 S.
466 5242 604 5321 cyrillus
616 5241 772 5320 populum,
787 5241 875 5301 cuius
888 5239 1000 5318 plausu
1014 5240 1112 5300 oratio
1128 5239 1196 5300 sius
1208 5231 1336 5319 excepta
1347 5247 1379 5300 et
1391 5241 1566 5320 interrupta
1577 5248 1652 5317 erat,
1664 5239 1750 5302 hisce

312 5337 455 5399 admonet
470 5339 575 5400 verbis
587 5337 726 5419 (Osteeh.
737 5337 834 5416 XIII)
845 5358 852 5395 ε
869 5359 885 5394 u
898 5336 979 5399 Vide
990 5335 1090 5396 locum
1102 5335 1315 5413 Golgothee....
1327 5336 1492 5399 Adclamas
1503 5358 1571 5398 cum
1585 5337 1749 5416 praeconio

312 5441 466 5515 tamquam
479 5437 664 5514 assentiens,
679 5435 753 5498 vide
766 5455 805 5496 ne
820 5434 983 5514 aliquando
997 5437 1031 5496 in
1044 5441 1182 5516 tempore
1195 5435 1421 5516 persecutionis
1435 5455 1530 5515 neges
1542 5459 1569 5497 ›.
