4622 6572
718 723 761 766 ao
787 721 870 768 noea
896 721 1023 766 sarcre
1047 719 1101 764 au.
1126 725 1226 766 aar-ars
1651 698 1695 762 59

242 945 342 1029 Nam
370 944 458 1019 inde
486 944 612 1020 adhue
639 942 692 1017 sic
719 942 752 1016 si
781 942 865 1038 quie
896 941 1025 1016 subito
1055 940 1165 1014 iuxta
1184 939 1257 1014 sihi
1276 940 1362 1016 vult
1386 940 1509 1014 facere
1537 939 1693 1014 domum

244 1075 284 1146 et
312 1072 575 1161 fundamenta,
605 1069 693 1145 inde
717 1068 898 1164 contiget
928 1068 1157 1163 aliquotiens
1188 1067 1298 1141 etde
1328 1069 1488 1163 argento
1517 1069 1558 1139 et
1585 1065 1697 1138 hera-

245 1201 375 1274 mento
404 1197 551 1272 modica
579 1196 758 1270 frustella
786 1196 840 1268 ibi
869 1195 1032 1269 invenit.
1062 1194 1162 1268 Nem
1191 1197 1231 1267 et
1259 1196 1364 1268 certa
1391 1194 1466 1283 via,
1495 1215 1610 1288 quam
1640 1191 1693 1265 vi-

246 1324 344 1398 detis
371 1322 535 1398 transire
564 1323 666 1396 inter
692 1321 852 1398 fluvium
883 1320 1086 1396 Iordanem
1115 1325 1155 1396 et
1189 1321 1315 1397 vicum
1350 1321 1480 1410 istum,
1513 1320 1606 1394 haec
1633 1321 1693 1392 est

246 1473 323 1546 qna
351 1450 415 1524 via
443 1471 633 1544 regressus
666 1450 725 1522 est
752 1451 908 1524 sanctus
944 1446 1110 1522 Abraam
1145 1447 1191 1520 de
1224 1445 1311 1520 cede
1346 1445 1663 1539 Ohodollagomor

247 1577 345 1670 regis
359 1577 543 1670 gentium,
560 1579 759 1650 revertens
772 1574 812 1648 in
829 1573 1013 1664 Sodomis,
1032 1573 1183 1669 quando
1200 1573 1235 1646 ei
1250 1571 1415 1647 occurrit
1429 1574 1583 1646 sauctus
1599 1569 1691 1648 Mel-

248 1701 444 1776 chisedech
472 1723 538 1774 rex
567 1699 706 1775 Salem.
727 1700 832 1774 Tunc
852 1721 941 1796 crgo
971 1698 1061 1795 quia
1079 1699 1295 1774 retinebam
1314 1699 1500 1793 scriptum
1519 1719 1602 1771 esse
1622 1697 1691 1769 ba·

247 1825 409 1921 ptizasse
437 1829 612 1899 sanctum
636 1826 845 1900 Iohannem
863 1826 903 1898 in
923 1825 1032 1899 Enon
1049 1826 1156 1899 iuxta
1183 1818 1341 1916 Seli1n²‚
1362 1823 1546 1919 requisivi
1568 1822 1614 1895 de
1637 1844 1697 1898 eo,

248 1975 362 2046 quam
391 1951 504 2046 longe
532 1956 632 2025 esset
661 1951 739 2046 ipse
768 1951 884 2024 locus.
915 1951 1021 2026 Tunc
1050 1951 1106 2024 ait
1125 1951 1189 2024 ille
1209 1953 1362 2024 sanetus
1383 1950 1589 2044 presbiter:
1611 1969 1695 2022 ecco

249 2077 308 2151 hic
329 2081 387 2152 est
408 2077 446 2151 in
467 2076 640 2151 ducentis
669 2077 842 2172 passibus
856 2069 889 2165 3;
921 2100 1008 2150 nam
1038 2078 1070 2150 si
1099 2077 1167 2164 vis,
1188 2097 1270 2151 ecce
1291 2076 1403 2150 modo
1423 2075 1581 2171 pedibus
1601 2075 1697 2148 duco

249 2226 317 2277 vos
335 2203 400 2276 ibi.
423 2203 520 2275 Nam
550 2203 642 2276 haec
670 2226 772 2298 aqua
800 2206 882 2276 tam
911 2203 1064 2298 grandis
1093 2205 1243 2276 ettam
1273 2225 1379 2298 pura,
1409 2224 1526 2297 qnam
1555 2199 1696 2276 videtis

250 2329 289 2403 in
318 2329 392 2403 isto
424 2330 516 2418 vico,
538 2329 583 2404 de
601 2329 682 2424 ipso
711 2330 818 2404 fonte
842 2329 960 2406 venit.
984 2330 1088 2404 Tunc
1108 2351 1197 2424 ergo
1217 2329 1361 2424 gratias
1381 2327 1416 2400 ei
1436 2349 1551 2423 agere
1578 2330 1696 2424 coepi,

252 2457 291 2528 et
320 2475 469 2551 rogaro,
500 2458 544 2528 ut
572 2453 729 2528 duceret
756 2477 825 2528 nos
855 2455 902 2528 ad
931 2455 1069 2542 locum,
1100 2454 1200 2528 sicut
1228 2457 1268 2528 et
1286 2453 1432 2528 factum
1452 2457 1521 2526 est.
1553 2451 1695 2526 Statim

251 2604 340 2678 ergo
369 2583 535 2678 cepimus
562 2581 617 2656 ire
646 2604 731 2654 cum
760 2602 804 2656 eo
825 2583 983 2676 pedibus
1003 2583 1130 2655 totum
1150 2603 1216 2675 per
1236 2579 1377 2654 vallem
1398 2558 1695 2668 amenissimum,

256 2707 375 2781 donec
402 2708 688 2802 perveniremus
717 2727 837 2802 usque
865 2707 912 2780 ad
941 2707 1097 2780 hortum
1126 2705 1342 2801 pomerium
1370 2705 1482 2780 valde
1504 2727 1697 2794 amenum,

256 2833 320 2905 uhi
349 2833 519 2907 ostendit
546 2832 655 2905 nobis
683 2834 722 2905 in
751 2832 875 2907 medio
904 2833 1050 2907 fontem
1080 2853 1203 2927 aquae
1233 2829 1376 2924 optime
1405 2831 1499 2905 satis
1532 2833 1572 2904 et
1591 2853 1696 2926 pure,

255 2957 346 3052 quia
365 2957 482 3030 semel
502 2957 695 3051 integrum
714 2957 875 3032 fluvium
904 2956 1136 3030 demittebat
1150 2951 1174 3030 ⁴.
1195 2955 1374 3030 Habebat
1396 2957 1529 3028 autem
1549 2958 1639 3027 ante
1659 2977 1698 3028 se

257 3083 335 3177 ipse
364 3083 448 3156 fons
477 3083 585 3177 quasi
614 3083 751 3172 lacum,
783 3081 847 3155 ubi
876 3083 1036 3178 parebat
1064 3081 1180 3155 fuisse
1214 3084 1415 3177 operatum
1434 3083 1609 3155 sanctum
1639 3079 1697 3152 Io·

258 3207 423 3282 hannem
438 3207 658 3303 baptistam.
676 3208 781 3283 Tunc
795 3208 893 3282 dixit
911 3207 1020 3282 nohis
1039 3209 1118 3303 ipse
1138 3209 1293 3282 sanctus
1309 3207 1517 3302 presbiter:
1533 3207 1572 3280 in
1587 3205 1699 3280 hodie

253 3332 314 3406 hic
333 3335 466 3407 hortus
486 3333 600 3406 aliter
618 3356 695 3406 non
723 3334 950 3429 appellatur,
981 3353 1092 3428 greco
1122 3354 1310 3422 sermone,
1332 3332 1405 3405 nisi
1429 3335 1584 3426 copostu
1607 3332 1697 3427 agiu

255 3454 433 3532 iohanni⁵
450 3450 453 3532 i
470 3459 506 3530 id
523 3458 697 3554 estquod
718 3481 784 3532 vos
804 3458 928 3531 dicitis
945 3459 1075 3545 latine,
1096 3459 1230 3532 hortus
1250 3458 1372 3532 sarrcti
1388 3457 1581 3530 Iohannis.
1598 3457 1633 3529 N
1635 3481 1697 3530 am
1727 3462 1761 3516 46

254 3585 294 3656 ot
322 3584 435 3694 multi
464 3583 603 3658 fratres
622 3584 744 3658 sancti
763 3584 939 3657 monachi
960 3583 1005 3656 de
1026 3582 1184 3658 diversis
1204 3583 1294 3658 locis
1315 3583 1511 3658 venientes
1530 3581 1697 3655 tendunt

255 3735 307 3798 se,
339 3713 382 3784 ut
409 3711 588 3784 laventur
616 3711 655 3782 in
683 3731 727 3784 eo
756 3710 849 3784 loco.
872 3710 1006 3784 Denuo
1027 3732 1116 3804 crgo
1138 3709 1246 3784 etad
1274 3711 1398 3803 ipsum
1419 3709 1576 3798 fontem,
1599 3711 1699 3784 sicut

256 3839 296 3908 et
322 3836 362 3908 in
389 3836 548 3930 singulis
576 3835 678 3924 locis,
700 3835 802 3909 facta
821 3840 880 3908 est
899 3835 1035 3924 oratio,
1056 3839 1095 3909 et
1114 3836 1215 3909 lecta
1234 3839 1293 3910 est
1312 3835 1394 3928 ipsa
1413 3834 1547 3908 lectio:
1574 3834 1699 3907 dictus

256 3960 372 4034 etiem
384 3962 552 4056 psalmus
567 3964 803 4056 competens:
819 3959 980 4052 singula,
992 3963 1032 4034 et
1047 3982 1144 4054 quae
1159 3959 1445 4034 consuetudinis
1460 3960 1568 4034 nobis
1584 3963 1697 4033 erant

338 4276 435 4338 ι(Ιοᾱ.
456 4275 538 4354 quod
560 4277 737 4356 ollagomor.
760 4276 838 4336 Gen.
860 4275 949 4352 XIV,
973 4277 1019 4336 17.

337 4375 469 4438 ²Ioann.
485 4375 545 4450 ΙΙΙ,
561 4377 600 4434 23
616 4398 633 4433 ‹
644 4376 721 4436 Erat
735 4381 838 4436 autem
851 4381 883 4436 et
897 4374 1033 4435 Ioannes
1049 4374 1211 4453 baptizans
1224 4375 1257 4436 in
1272 4377 1402 4438 hennon
1417 4373 1524 4457 (LXX
1535 4383 1568 4436 et
1584 4373 1697 4435 Eusab.

240 4478 375 4564 dipem)
396 4475 482 4535 iuxta
502 4473 612 4534 Saiim:
633 4473 705 4551 quia
726 4493 823 4550 aquae
844 4463 959 4533 multae
981 4479 1069 4534 erant
1089 4473 1154 4534 illio
1168 4497 1195 4534 ι.
1216 4475 1427 4553 Hieronymus
1448 4475 1481 4535 in
1502 4476 1576 4534 Euo.
1600 4473 1702 4552 (Nom.

258 4573 383 4655 Hebr.):
408 4573 544 4634 «Aenon
559 4572 644 4633 iuxta
659 4572 763 4648 Salim,
781 4573 830 4633 ubi
845 4573 1024 4653 baptIzabat
1037 4574 1181 4648 Ioannes,
1198 4571 1279 4634 siout
1293 4573 1327 4634 in
1342 4571 1512 4651 Evangelio
1527 4581 1597 4632 cata
1616 4572 1705 4632 Ioan-

256 4689 326 4732 nem
346 4671 496 4750 scriptum
516 4680 581 4730 est:
603 4677 636 4732 et
656 4669 831 4731 ostenditur
850 4689 930 4730 nunc
950 4689 1047 4747 usqne
1069 4668 1155 4731 locus
1170 4669 1202 4730 in
1221 4677 1328 4732 octavo
1350 4666 1453 4749 lapide
1476 4668 1701 4748 scythopoleos

258 4767 298 4829 ad
317 4769 478 4831 meridiem
498 4767 584 4830 iuxta
606 4768 701 4830 Salim
723 4775 755 4830 et
775 4769 979 4830 Iordanem».

338 4867 350 4904 ³
363 4868 514 4929 Ducentis
528 4867 673 4945 passibus
689 4887 707 4928 a
721 4866 833 4944 Sulim;
849 4867 959 4928 Aenon
976 4875 1078 4927 autem
1093 4865 1212 4928 duobus
1228 4866 1366 4929 millibus
1381 4867 1521 4930 distabat
1531 4888 1550 4928 a
1560 4867 1704 4928 Iordane·
1778 4891 1782 4899 ·

259 4967 373 5027 Anton.
395 4987 434 5026 m.
449 4987 514 5044 cap.
529 4967 596 5026 IX:
613 4989 628 5023 ‹
641 4967 680 5026 In
694 4965 749 5026 illa
764 4975 852 5044 parte
866 4964 1010 5026 Iordanis
1026 4965 1168 5042 ostiens,
1184 4964 1238 5026 uhi
1253 4965 1431 5044 baptizabat
1452 4967 1606 5028 Ioannes:
1628 4965 1702 5028 inde

260 5085 354 5144 usqne
375 5065 414 5126 ad
435 5065 600 5128 Iordanem
621 5065 718 5126 millia
739 5065 800 5126 duo
814 5088 841 5123 ›.

337 5165 350 5198 ⁴
364 5163 576 5225 Consideratis
596 5162 629 5224 in
649 5164 756 5224 tabula
770 5162 977 5242 geographica
991 5170 1060 5224 octo
1073 5162 1209 5223 millibus
1224 5163 1263 5224 ad
1283 5161 1442 5225 meridiem
1464 5163 1699 5244 Scythopoleos‚

260 5271 291 5323 et
311 5260 432 5324 dnobus
453 5264 491 5323 ab
512 5260 654 5339 Iordane,
676 5261 756 5336 icus,
778 5261 891 5338 dequo
913 5259 1025 5339 agitur,
1041 5260 1116 5321 mihi
1130 5261 1255 5323 videtur
1269 5281 1339 5323 csse
1354 5263 1416 5322 Aia
1430 5265 1549 5323 Kerura
1569 5263 1620 5324 vel
1640 5265 1703 5324 Ain

261 5363 357 5430 Kana
379 5361 536 5441 (Pierotti,
561 5359 658 5421 Carta
679 5361 761 5420 delta
781 5360 969 5438 Pometiam:
992 5365 1083 5437 atque
1104 5360 1187 5420 inter
1207 5357 1327 5420 fontem
1347 5367 1379 5421 et
1400 5359 1513 5420 flumen
1539 5360 1700 5440 ponendus

264 5466 314 5521 est
334 5465 399 5520 turn
419 5459 580 5522 colliculus
602 5459 706 5537 Sabm,
728 5465 794 5520 tum
814 5457 866 5519 vie
885 5458 1018 5538 puhIIca.

342 5556 508 5640 ⁵·Gopostu
529 5559 601 5638 agiu
622 5557 764 5620 iohanni:
787 5569 946 5634 -κῆπος
970 5569 1025 5623 τοῦ
1050 5560 1139 5648 ἁγίου
1163 5557 1306 5624 Ἰοάννου.

1868 3066 1874 3177 i
