4604 6560
763 728 808 774 An
831 725 917 776 neos
939 725 1067 774 senone
1089 726 1144 774 ss.
1168 732 1270 775 ess-ees
1693 709 1734 776 75

299 948 366 1045 qui
385 947 439 1021 ihi
458 949 580 1039 erant,
596 950 637 1022 et
654 946 759 1022 facta
777 946 952 1022 oratione
971 949 1011 1022 et
1029 947 1308 1038 communione,
1323 969 1475 1022 reversa
1489 941 1575 1021 sum'
1588 946 1736 1020 Tharsa

299 1072 348 1146 ad
375 1072 450 1147 iter
478 1095 625 1148 meum:
654 1073 722 1147 ubi
748 1074 852 1148 facta
870 1073 1015 1148 stativa
1033 1073 1225 1164 triduana,
1244 1073 1286 1146 in
1303 1073 1457 1148 nomine
1476 1071 1546 1147 Dei
1564 1073 1735 1168 profecta

299 1221 384 1272 sum
402 1197 491 1273 inde
510 1198 585 1272 iter
604 1219 743 1272 meum.
764 1197 819 1273 Ac
846 1197 899 1273 sic
925 1196 1149 1293 perveniens
1169 1197 1301 1272 eadem
1321 1197 1382 1273 die
1410 1199 1458 1271 ad
1485 1198 1733 1288 mansionem,

299 1343 399 1418 quae
417 1322 634 1418 appellatur
648 1313 947 1414 Mansocrenas¹,
963 1345 1061 1418 qnae
1075 1326 1134 1397 est
1148 1323 1219 1397 sub
1233 1325 1364 1398 monte
1378 1323 1516 1412 Tauro,
1533 1323 1586 1396 ibi
1600 1323 1736 1396 mansi.

300 1447 349 1519 Et
376 1446 464 1521 inde
491 1445 569 1518 alia
597 1445 658 1521 die
686 1446 838 1522 subiens
867 1450 1036 1522 montem
1064 1448 1246 1536 Taurum,
1271 1452 1312 1522 et
1330 1447 1471 1522 faciens
1498 1449 1574 1522 iter
1598 1450 1735 1521 notum

300 1571 563 1668 persingulas
592 1571 817 1666 provincias,
846 1594 942 1667 qiras
970 1570 1094 1646 eundo
1122 1572 1387 1662 transiueram,
1407 1571 1446 1643 id
1466 1575 1525 1646 est
1544 1571 1736 1667 Cappado-

301 1697 411 1788 ciam,
431 1696 637 1787 Galatiam,
666 1699 706 1772 et
732 1696 957 1786 Bithiniam,
977 1695 1134 1792 perveni
1153 1696 1363 1772 Calcedona
1375 1687 1401 1786 ²,
1423 1696 1489 1770 ubi
1507 1699 1662 1792 propter
1680 1698 1737 1768 fa·

302 1819 555 1894 mosissimum
582 1819 814 1916 martyrium
846 1823 1001 1896 sanctae
1035 1819 1244 1912 Eufimiae,
1282 1821 1330 1894 ab
1359 1819 1452 1894 olim
1477 1820 1573 1893 mihi
1600 1822 1738 1894 notum

301 1943 390 2033 iam,
419 1943 522 2039 quod
550 1943 603 2017 ibi
629 1945 700 2035 est,
730 1943 851 2018 mansi
878 1944 973 2019 loco.
995 1943 1049 2019 Ac
1067 1944 1120 2018 sic
1139 1965 1228 2038 ergo
1248 1943 1324 2016 alia
1344 1942 1405 2017 die
1422 1943 1612 2018 transiens
1631 1964 1738 2018 mare

301 2069 456 2164 perveni
484 2066 866 2162 Constantinopolim,
895 2089 1011 2164 agens
1039 2067 1189 2143 Christo
1224 2068 1377 2143 domino
1411 2070 1543 2143 nostro
1580 2068 1737 2164 gratias,

302 2192 404 2288 quod
431 2193 526 2266 mihi
553 2192 731 2289 indignae
758 2196 798 2267 et
816 2215 893 2267 non
912 2195 1076 2268 merenti
1093 2195 1289 2289 praestare
1309 2193 1487 2288 dignatus
1507 2196 1567 2268 est
1584 2196 1737 2267 tantam

302 2316 488 2411 gratiam:
515 2316 556 2390 id
583 2319 653 2408 est,
682 2320 730 2392 ut
757 2340 833 2392 non
861 2318 986 2392 solum
1014 2318 1256 2394 voluntatem
1285 2317 1412 2409 eundi,
1433 2317 1498 2392 sed
1517 2321 1557 2391 et
1576 2317 1737 2392 faculta-
1826 2355 1833 2366 ·

301 2444 382 2516 tem
409 2442 712 2538 perambulandi,
742 2465 839 2538 quae
867 2442 1139 2533 desiderabam,
1159 2432 1349 2537 'dignatus
1376 2443 1503 2518 fuerat
1527 2445 1737 2538 praestare,

303 2570 344 2642 et
370 2566 587 2642 revertendi
606 2567 731 2642 denuo
751 2567 1134 2662 Constantinopolim.
1154 2567 1228 2640 Ubi
1247 2589 1335 2641 eum
1354 2566 1553 2659 venissem,
1575 2588 1641 2662 per
1665 2567 1740 2641 sin-

303 2693 411 2788 gulas
439 2691 625 2783 ecclesias,
645 2695 706 2768 vel
725 2693 917 2788 apostolos
929 2683 954 2782 ³,
974 2713 1043 2766 nec
1066 2714 1142 2765 non
1161 2713 1228 2787 per
1246 2691 1397 2786 singula
1417 2691 1615 2787 martyria,
1643 2712 1741 2786 quae

304 2817 357 2890 ibi
385 2815 550 2912 plurima
578 2819 680 2906 sunt,
709 2839 786 2890 non
810 2816 1004 2892 cessabam
1023 2815 1175 2890 domino
1194 2818 1325 2890 nostro
1344 2814 1432 2889 Iesu
1451 2815 1596 2910 gratiss
1615 2835 1740 2910 agere,

305 2943 371 3038 qui
397 2943 454 3016 ita
481 2963 594 3038 super
623 2964 682 3016 me
710 2941 1006 3016 misericordiam
1034 2963 1144 3014 suam
1172 2943 1367 3036 praestare
1394 2940 1574 3036 dignatus
1598 2939 1739 3014 fuerat.

307 3067 363 3140 De
390 3089 466 3162 quo
493 3067 588 3156 locu,
617 3065 804 3157 dominae,
832 3066 962 3141 lumen
989 3087 1129 3156 meum,
1149 3087 1237 3140 cum
1259 3067 1353 3140 haec
1371 3065 1419 3139 ad
1439 3068 1609 3140 vestram
1628 3065 1739 3142 affec·

305 3191 450 3266 tionem
477 3190 608 3265 darem
621 3180 647 3281 ⁴,
676 3191 752 3265 iam
781 3190 965 3286 propositi
984 3192 1080 3281 erat,
1101 3190 1140 3264 in
1157 3191 1311 3267 nomine
1328 3190 1415 3266 Iesu
1436 3189 1576 3264 Christi
1595 3189 1740 3264 domini

306 3317 439 3406 nostri,
468 3316 517 3390 ad
546 3316 676 3390 Asiam
704 3315 917 3406 accedendi,
946 3315 986 3389 id
1018 3317 1077 3390 est
1113 3315 1281 3406 Efesum,
1318 3318 1473 3412 propter
1509 3317 1741 3412 martyrium

307 3439 430 3514 sancti
457 3443 497 3515 et
524 3441 627 3514 beati
656 3440 821 3534 apostoli
848 3440 1028 3514 Iohannis
1064 3441 1191 3535 gretia
1224 3440 1420 3515 orationis.
1460 3439 1500 3513 Si
1534 3441 1666 3516 autem
1703 3444 1745 3514 et

307 3568 395 3660 post
421 3567 493 3641 hoc
512 3566 552 3639 in
569 3557 710 3662 corpo⁵
729 3565 850 3656 fuero,
873 3567 905 3640 si
933 3589 1009 3662 qua
1027 3569 1201 3662 preterea
1219 3567 1302 3642 loca
1320 3588 1545 3662 cognoscere
1568 3569 1741 3663 potuero,

306 3878 380 3922 vero
400 3857 651 3920 Manichaeorum
679 3858 774 3922 sectis
795 3858 912 3922 addicti
932 3879 952 3920 a
982 3857 1157 3922 Theodosio
1185 3858 1379 3922 condemnati
1409 3880 1445 3922 ac
1472 3859 1630 3923 deturbati
1656 3859 1744 3922 fuere

307 3957 579 4020 constitutionibus
600 3977 670 4018 ann.
698 3958 756 4019 381
786 3956 875 4038 (Cod.
890 3955 1008 4019 Theod.
1029 3957 1083 4018 lib.
1103 3956 1193 4036 XVI,
1214 3957 1263 4020 tit.
1284 3957 1323 4036 V,
1354 3961 1403 4020 De
1423 3961 1584 4020 haereticis
1603 3956 1625 4020 l.
1649 3957 1680 4038 i)
1712 3964 1744 4020 et

308 4077 376 4118 ann.
398 4057 458 4118 383
480 4056 566 4138 (ibid.
588 4057 609 4117 l.
632 4057 694 4138 11).

389 4153 640 4232 ¹Mansocrenas,
662 4154 791 4233 mansio,
813 4173 890 4233 qaae
911 4171 991 4215 nunc
1011 4151 1144 4233 primum
1162 4153 1301 4215 noscitur
1320 4151 1419 4216 fuisse
1432 4155 1490 4217 sub
1510 4153 1611 4216 Tauro
1631 4159 1744 4234 monte,

309 4251 437 4314 a'Parso
457 4250 619 4313 duodecim
639 4271 785 4332 passuum
806 4251 942 4314 millibus
963 4249 1111 4312 distabat.
1132 4250 1206 4313 Itin.
1218 4251 1313 4313 Burd.
1331 4252 1457 4322 «Fines
1479 4251 1692 4333 Cappadociae
1714 4258 1747 4314 et

309 4349 438 4412 Ciliciae
460 4385 498 4394 ——
518 4349 640 4411 Mansio
661 4347 866 4412 Mansucrene
886 4384 926 4396 -
946 4347 1066 4411 Civitas
1088 4348 1186 4412 Tarso
1207 4349 1335 4412 Ciliciae
1356 4350 1464 4412 XII».

387 4447 399 4484 ²
414 4446 590 4510 Calchedon
603 4448 677 4510 urbs
691 4447 808 4527 inclyta
821 4445 989 4527 Bithyniae
1002 4447 1036 4509 in
1049 4445 1191 4509 faucibus
1204 4447 1368 4528 Bosphori,
1382 4448 1435 4509 nbi
1449 4448 1631 4528 martyrium
1644 4467 1670 4510 s.
1685 4449 1746 4510 Eu·

308 4545 452 4624 phemiae
473 4545 605 4624 virginis
625 4545 743 4626 pietate
764 4545 896 4608 maxima
915 4546 1040 4607 cultum.
1060 4546 1090 4606 A
1112 4543 1358 4628 Costantinopoli
1382 4545 1485 4616 facilis
1505 4555 1572 4610 erat
1595 4548 1747 4610 transitus

308 4641 390 4718 illuc,
411 4661 503 4719 quem
522 4643 679 4721 peregrini
699 4643 835 4706 libenter
856 4643 997 4722 egebant.

387 4740 555 4802 ³Ecclesia
579 4741 800 4820 Apostolorum
819 4739 852 4801 in
871 4741 946 4802 urbe
968 4739 1236 4822 Constantinopoli
1264 4739 1407 4802 dedicata
1431 4747 1482 4803 est
1501 4741 1531 4803 V
1551 4739 1622 4822 idus
1646 4739 1748 4820 Apri-

308 4837 349 4899 lis
363 4837 545 4916 CCCLXX,
558 4846 595 4900 ut
610 4859 648 4900 ex
661 4837 813 4900 Chronico
827 4837 1037 4901 Alexandrino
1052 4845 1084 4902 et
1097 4839 1203 4902 Fastis
1218 4838 1326 4901 Idacii.
1337 4840 1441 4902 Aliam
1454 4839 1567 4902 deinde
1582 4835 1746 4901 ecclesiam

308 4935 499 4998 inhonorem
509 4936 813 5015 apostolorumPetri
824 4943 857 4998 et
866 4935 968 5014 Pauli,
977 4937 1047 5000 ideo
1058 4941 1248 5016 apostoleum
1259 4937 1511 5014 cognominatam,
1519 4935 1649 5000 Rufinus
1660 4954 1746 5016 prae

309 5032 410 5096 fectus
420 5033 548 5096 mirifice
565 5034 710 5114 extruxit,
728 5053 806 5114 quae
823 5054 842 5095 a
857 5033 1001 5114 plurimis
1019 5033 1173 5113 episcopis
1191 5042 1371 5096 consecrata
1388 5041 1438 5097 est
1455 5055 1533 5097 anno
1553 5032 1746 5096 CCCXCIV.

311 5131 433 5192 Zoaom.
454 5131 528 5210 VH,
549 5151 575 5193 c.
597 5132 644 5193 17.

390 5230 499 5290 ⁴Dum
519 5229 597 5291 hanc
617 5249 690 5292 suae
711 5229 970 5310 peregrinationis
984 5229 1224 5308 descriptionem
1238 5230 1393 5305 exarabat,
1408 5229 1516 5290 Asiam
1537 5228 1636 5289 denuo
1658 5247 1750 5290 acce-

311 5326 385 5388 dere
405 5326 439 5386 in
459 5326 559 5386 animo
581 5333 734 5387 statuerat
754 5326 793 5386 ad
812 5326 982 5387 videndum
1003 5325 1121 5406 Ephesi
1141 5327 1322 5405 martyrium
1343 5345 1371 5388 e.
1383 5327 1510 5387 Ioannis
1524 5325 1667 5404 apostoli,
1689 5343 1747 5402 quo

314 5423 507 5485 Christianos
526 5423 717 5504 peregrinari
738 5424 847 5486 solitos
869 5443 939 5486 esse
960 5431 1082 5486 constat
1102 5444 1140 5486 ex
1159 5425 1255 5486 Pratc
1275 5423 1431 5504 spirituali
1452 5445 1517 5504 cap.
1541 5425 1608 5485 180.

395 5519 473 5582 ⁵Sic
494 5519 561 5582 cod.
582 5519 621 5581 Id
642 5528 707 5582 est:
729 5519 757 5582 si
776 5519 849 5582 viva
869 5520 966 5583 fuero.
