4604 6560
835 715 880 758 ne
904 713 1006 760 cocis·
1023 713 1160 758 seuerus
1654 695 1717 760 127
1801 767 1804 772 ¹

278 957 365 1008 rum
392 933 694 1008 combustionem
722 929 928 1009 inundasse
946 933 1201 1008 certissimum
1220 937 1288 1010 est.
1310 935 1483 1030 Apparet
1509 955 1600 1009 vero
1628 955 1715 1028 pro·

191 1133 195 1140 ,
277 1059 339 1132 cul
357 1058 404 1132 de
422 1057 576 1153 specula
593 1058 736 1132 montis
756 1057 897 1135 Oliveti
916 1059 1170 1149 cernentibus,
1191 1058 1293 1155 quod
1313 1058 1502 1135 fluctuum
1521 1057 1717 1132 collisione

278 1187 512 1260 commotum
538 1184 787 1260 salsissimum
815 1185 918 1260 eiicit
944 1186 1013 1276 sal,
1042 1187 1083 1260 et
1106 1187 1177 1261 hoc
1195 1186 1272 1260 sole
1300 1185 1483 1260 siccatum
1516 1184 1715 1280 accipitur,

278 1311 412 1384 multis
439 1309 661 1390 nationibus
688 1309 947 1406 profuturum.
976 1311 1082 1386 Mare
1108 1333 1199 1387 vero
1228 1314 1426 1385 mortuum
1454 1309 1550 1384 nihil
1583 1309 1718 1406 recipit

278 1459 460 1533 generum
483 1437 712 1524 viventium,
730 1459 855 1532 neque
874 1436 1005 1532 pisces,
1025 1459 1148 1534 neque
1168 1441 1341 1513 assuetas
1358 1459 1448 1513 aves
1468 1435 1589 1532 aquis,
1614 1436 1718 1510 tauri

278 1562 487 1658 camelique
505 1561 674 1635 fluitant.
695 1562 868 1657 Denique
886 1563 918 1636 si
937 1561 1109 1638 Iordanis
1128 1566 1264 1639 auctus
1283 1563 1468 1638 imbribus
1488 1564 1607 1657 pisces
1625 1562 1718 1637 illuc

278 1688 481 1762 influentes
499 1687 684 1782 rapuerit,
704 1689 838 1762 statim
857 1689 1088 1781 moriuntur,
1108 1693 1148 1764 et
1167 1690 1370 1786 pinguibus
1390 1687 1499 1784 aquis
1518 1711 1632 1784 super
1649 1709 1717 1762 na·

276 1815 377 1886 tant.
407 1812 579 1887 Lucerna
603 1833 763 1887 aceensa
777 1811 921 1888 ibidem
939 1815 1054 1888 natat
1072 1812 1153 1888 sine
1173 1814 1252 1888 ulla
1271 1812 1528 1904 conversione,
1548 1789 1718 1889 extincta

280 1935 527 2032 demergitur,
557 1938 763 2033 omniaque
783 1938 957 2012 viventia
975 1937 1157 2028 demersa,
1178 1939 1269 2013 licet
1288 1942 1366 2012 sint
1386 1937 1633 2014 vehementer
1661 1935 1718 2010 in·

279 2061 362 2151 lisa,
391 2061 522 2136 statim
551 2061 741 2136 resiliunt.
770 2061 953 2137 Homines
973 2062 1076 2136 enim
1096 2062 1257 2136 natandi
1275 2062 1411 2159 ignari,
1440 2063 1471 2136 si
1499 2062 1590 2137 illuc
1616 2061 1717 2158 proi·

280 2187 443 2278 cientur,
471 2187 627 2263 revictis
654 2192 743 2284 post
770 2191 923 2285 tergum
956 2188 1144 2279 manibus
1173 2189 1254 2264 sine
1283 2189 1397 2264 dubio
1425 2191 1576 2262 natant.
1606 2175 1718 2283 Aqua

279 2317 361 2412 ipsa
389 2316 530 2391 sterilis
558 2317 599 2388 et
625 2337 769 2404 amara,
795 2315 1031 2410 caeterisque
1050 2316 1160 2411 aquis
1180 2315 1389 2406 obscurior,
1418 2319 1458 2390 et
1486 2315 1595 2410 quasi
1623 2313 1717 2388 adu·

279 2445 362 2516 stae
390 2442 583 2537 preferens
602 2440 906 2515 similitudinem.
926 2440 1068 2536 Vagari
1086 2463 1200 2538 super
1219 2463 1339 2538 aquas
1358 2440 1549 2514 bitumina
1569 2443 1718 2516 certum

280 2568 339 2641 est
365 2569 452 2639 etro
479 2565 640 2660 liquore,
670 2587 769 2660 quae
796 2564 944 2662 scaphis
967 2565 1319 2662 appropinquantes
1346 2564 1544 2659 colligunt.
1573 2564 1717 2640 Herere

280 2692 352 2766 sibi
379 2692 566 2784 bitumen,
594 2694 635 2766 et
661 2713 904 2786 nequaquam
924 2692 1025 2766 ferro
1046 2691 1224 2788 praecidi,
1258 2691 1393 2781 fertur,
1427 2690 1603 2786 sanguini
1630 2693 1717 2764 tan·

278 2822 364 2892 tum
391 2816 597 2892 mulierum
624 2819 666 2891 et
692 2819 888 2892 menstruo
908 2820 948 2892 et
966 2817 1102 2892 urinae
1121 2816 1236 2907 cedit,
1259 2816 1365 2890 utilis
1385 2819 1517 2891 autem
1541 2817 1591 2889 ed
1619 2837 1718 2891 com·

279 2965 416 3040 pagem
443 2943 602 3018 navium
629 2942 691 3018 vel
719 2943 941 3038 corporibus
966 2941 1166 3017 hominum
1194 2942 1400 3017 medendis.
1430 2941 1568 3017 Servat
1595 2942 1720 3016 adhuc

279 3071 384 3166 regio
403 3070 566 3166 speciem
584 3091 721 3164 penae:
742 3071 957 3144 nascuntur
973 3068 1026 3142 ibi
1045 3091 1159 3163 poma
1177 3068 1444 3163 pulcherrima,
1465 3089 1565 3163 quae
1583 3066 1719 3142 edendi

280 3196 530 3291 cupiditatem
559 3195 820 3291 spectantibus
847 3197 1053 3290 generant3
1073 3195 1105 3267 si
1125 3216 1270 3289 carpas
1297 3194 1503 3283 fatescunt,
1534 3196 1575 3268 et
1602 3193 1719 3268 resol-

280 3325 427 3397 vuntur
444 3322 485 3395 in
504 3321 682 3405 cinerem.
703 3322 928 3417 fumumque
947 3320 1131 3409 excitant,
1152 3320 1261 3416 quasi
1280 3320 1405 3394 adhuc
1424 3319 1599 3393 ardeant.
1621 3317 1719 3393 Sane

280 3447 319 3521 in
348 3447 481 3522 diebus
510 3449 645 3523 estatis
671 3447 842 3522 modicus
869 3447 1081 3542 perspetia
1100 3446 1224 3542 campi
1252 3448 1429 3521 exestuat
1456 3465 1589 3540 vapor,
1618 3442 1720 3518 unde

280 3577 321 3648 et
347 3575 582 3650 coalescente
608 3575 705 3651 vitio
732 3573 875 3649 nimiae
900 3571 1083 3648 siccitatis
1102 3575 1219 3668 atque
1246 3571 1394 3645 humidi
1414 3569 1629 3665 corruptior
1652 3588 1719 3642 aer

281 3697 517 3774 miserandas
545 3700 677 3774 incolis
705 3697 857 3773 conficit
885 3695 1158 3793 aegritudines.

361 3823 421 3914 (B.
438 3846 466 3896 c.
482 3824 604 3914 XIII)
633 3823 679 3896 In
706 3824 789 3898 loco
817 3845 919 3918 ergo,
940 3822 981 3895 in
1000 3843 1075 3917 quo
1095 3821 1282 3896 Dominus
1300 3821 1519 3918 baptizatus
1538 3823 1608 3910 est,
1623 3841 1717 3894 crux

280 3949 407 4044 lignea
433 3951 514 4023 stat
541 3972 662 4046 usque
690 3949 739 4023 ad
767 3949 908 4023 collum
931 3949 1024 4036 alta,
1045 3970 1144 4044 quae
1163 3948 1367 4043 aliquoties
1394 3971 1495 4045 aqua
1521 3950 1716 4022 transcen·

281 4073 395 4149 dente
423 4073 679 4149 absconditur.
709 4073 743 4147 A
771 4096 846 4170 quo
874 4074 957 4147 loco
985 4073 1069 4170 ripa
1098 4074 1268 4164 ulterior,
1297 4072 1338 4145 id
1365 4075 1424 4148 est
1451 4071 1648 4148 orientalis
1676 4070 1718 4144 in

280 4198 385 4273 iactu
412 4197 554 4273 fundae
582 4201 661 4271 est:
691 4197 845 4272 citerior
877 4218 969 4272 vero
997 4199 1081 4293 ripa
1107 4197 1148 4270 in
1177 4197 1377 4292 supercilio
1408 4195 1621 4286 monticuli,
1650 4194 1718 4269 ubi

282 4327 543 4398 constructum
571 4327 630 4399 est
648 4324 923 4398 monasterium
942 4325 1066 4398 sancti
1085 4323 1283 4419 Baptistae
1302 4321 1468 4414 Ioannis,
1489 4323 1535 4395 de
1555 4343 1630 4417 quo
1651 4343 1718 4417 per

281 4453 437 4545 pontem
465 4449 628 4524 arcubus
656 4439 857 4522 suffultum
876 4447 1001 4522 solent
1027 4448 1253 4523 descendere
1281 4447 1331 4521 ad
1354 4447 1461 4520 illam
1488 4467 1649 4535 crucem,
1678 4449 1719 4520 et

281 4595 402 4649 orare.
431 4571 477 4646 In
504 4578 674 4648 extrema
700 4573 868 4647 fluminis
895 4576 1006 4668 parte
1024 4572 1214 4670 quadrata
1242 4571 1398 4648 ecclesia
1426 4573 1593 4668 quatuor
1620 4570 1716 4667 lapi·

281 4701 361 4776 deis
388 4703 546 4776 cameris
573 4700 812 4797 superposita
840 4703 909 4790 est,
930 4702 1037 4775 coeto
1056 4700 1256 4790 exlatere,
1277 4701 1382 4773 creta
1409 4693 1570 4794 desuper
1597 4699 1715 4788 tecta,

282 4826 348 4898 ubi
375 4825 529 4900 Domini
549 4827 790 4916 vestimenta,
811 4848 898 4899 cum
917 4825 1192 4920 baptizaretur,
1212 4827 1366 4898 servata
1386 4825 1487 4896 sunt.
1506 4821 1614 4895 Hanc
1641 4844 1717 4895 non

281 4949 454 5024 homines
473 4951 631 5039 intrare,
650 4949 717 5022 sed
736 4949 836 5024 unde
856 4949 1006 5046 cingere
1025 4970 1070 5024 ac
1088 4951 1289 5045 penetrare
1308 4948 1446 5022 solent.
1467 4947 1526 5021 Ab
1547 4968 1592 5021 eo
1620 4947 1718 5039 loco,

282 5097 357 5170 quo
386 5097 406 5149 e
433 5075 607 5149 faucibus
635 5075 751 5148 maris
771 5074 940 5150 Galileae
958 5074 1131 5149 Iordanis
1150 5075 1242 5163 exit,
1264 5096 1383 5170 usque
1403 5073 1470 5147 ubi
1493 5094 1598 5147 mere
1617 5094 1719 5146 mor·

283 5205 395 5274 tuum
423 5202 557 5290 intrat,
588 5203 675 5275 octo
704 5200 851 5275 dierum
878 5201 954 5276 iter
981 5204 1054 5275 est.
1600 5299 1602 5302 Ι

360 5326 422 5417 (Β.
438 5351 467 5402 c.
486 5327 601 5418 XIV)
624 5325 810 5402 Locustae
829 5331 973 5418 autern,
988 5327 1034 5402 de
1049 5325 1186 5422 quibus
1205 5326 1345 5401 edebat
1365 5326 1499 5400 beatus
1513 5324 1717 5410 Iohannes,

280 5451 334 5525 ibi
361 5474 481 5546 usque
508 5451 621 5525 hodie
655 5454 758 5540 sunt,
787 5474 888 5547 quae
920 5451 1150 5548 corpusculis
1178 5449 1218 5523 in
1247 5450 1403 5525 modum
1435 5449 1546 5546 digiti
1581 5471 1717 5522 manus

282 5576 443 5651 exilibus
470 5580 510 5652 et
528 5577 721 5667 brevibus,
741 5576 781 5649 in
800 5577 927 5651 herbis
946 5576 1057 5650 facile
1075 5579 1212 5676 ceptae
1231 5579 1436 5674 coctaeque
1454 5577 1493 5649 in
1514 5576 1598 5654 oleo
1623 5596 1716 5669 pau·
