4622 6572
600 707 643 774 46
1094 727 1121 770 s.
1146 725 1278 772 smyrna
1301 700 1549 771 rnnuomnrrro

599 949 640 1020 et
667 945 721 1019 ibi
749 945 874 1018 denuo
902 965 1107 1036 resumere;
1135 944 1320 1041 quoniam
1347 946 1423 1020 iter
1450 943 1599 1022 heremi
1629 964 1832 1018 arenosum
1850 943 1964 1019 valde
1990 943 2042 1017 f-

599 1095 783 1152 teramus.
976 1161 980 1171 Ι

444 1188 554 1332 ’ΠΙ
627 1183 641 1277 l
680 1197 778 1271 Sane
797 1196 887 1272 licet
905 1199 1050 1271 terram
1070 1196 1184 1271 Cesso
1204 1196 1282 1270 iam
1311 1218 1461 1270 nossem
1481 1188 1507 1288 ¹,
1535 1197 1575 1270 id
1604 1199 1664 1271 est
1691 1219 1767 1292 qua
1794 1194 1972 1290 primitus
1999 1197 2045 1269 ad

599 1323 795 1420 Egyptum
818 1323 967 1396 fueram
981 1312 1011 1395 ²:
1039 1325 1172 1396 tamen
1199 1325 1246 1396 ut
1273 1322 1534 1418 praeviderem
1564 1321 1694 1396 omnia
1727 1321 1823 1411 loca,
1852 1342 1952 1414 quae
1978 1319 2045 1392 filii

598 1448 730 1538 Israel,
759 1448 941 1522 exeuntes
955 1447 1006 1521 de
1024 1447 1204 1520 Rameese
1218 1437 1244 1535 ³,
1265 1447 1478 1542 tetigerant
1499 1448 1650 1536 euntes,
1667 1445 1785 1520 donec
1803 1445 2046 1540 pervenirent

598 1595 719 1668 usque
746 1572 796 1645 ad
823 1593 929 1646 mare
956 1573 1117 1646 rubrum
1145 1571 1227 1667 (qui
1254 1573 1359 1646 loeus
1387 1593 1489 1645 nunc
1518 1571 1566 1645 de
1594 1573 1731 1661 castro,
1761 1568 1865 1665 quod
1895 1569 1948 1642 ibi
1976 1573 2043 1661 est,

538 1707 573 1763 38
599 1697 1017 1796 appellatur‘Clesma),
1048 1698 1209 1773 desideri
1237 1720 1329 1794 ergo
1358 1698 1445 1789 fuit,
1477 1701 1522 1771 ut
1546 1697 1551 1788 Ι
1577 1698 1623 1771 de
1652 1696 1799 1771 Olesma
1827 1696 1876 1769 ad
1902 1700 2044 1772 terram

600 1823 713 1898 Cesso
728 1823 929 1914 exiremus,
950 1822 989 1896 id
1009 1826 1069 1898 est
1089 1821 1138 1895 ad
1156 1823 1368 1916 civitatem,
1390 1843 1487 1917 quae
1510 1821 1728 1917 appellatur
1747 1820 1890 1894 Arabia
1903 1812 1929 1912 ⁴,
1950 1842 2045 1916 quae

600 1948 735 2024 civitas
767 1947 808 2021 in
830 1951 935 2022 terra
960 1947 1073 2022 Cesso
1093 1950 1169 2022 est:
1194 1971 1285 2022 narn
1310 1947 1398 2022 inde
1426 1947 1548 2043 ipsum
1575 1947 1817 2021 territorium
1847 1947 1901 2020 sie
1920 1947 2044 2042 appel·

597 2075 715 2166 latur,
743 2074 783 2146 id
810 2077 880 2163 est,
896 2076 1001 2148 terra
1030 2073 1204 2164 Arabiae,
1223 2075 1328 2148 terre
1356 2072 1483 2162 Cesso,
1507 2095 1605 2167 quae
1632 2076 1763 2146 tamen
1783 2075 1888 2146 terra
1907 2070 2048 2167 Egypti

598 2223 685 2294 pars
714 2202 785 2291 est,
814 2199 879 2274 sed
906 2200 1041 2273 melior
1068 2199 1162 2273 satie
1191 2222 1306 2294 quam
1335 2200 1458 2272 omnis
1485 2198 1666 2295 Egyptus
1697 2159 1891 2288 esthunt
1909 2217 2048 2290 ergoa

570 2339 575 2348 “
599 2322 758 2415 Clesma,
774 2323 886 2399 idest
905 2348 928 2398 a
947 2324 1045 2396 mari
1063 2325 1192 2414 rubro,
1208 2345 1329 2418 usque
1344 2323 1392 2396 ad
1407 2323 1590 2396 Arabiam
1612 2323 1818 2397 civitatem
1837 2320 2049 2394 mansiones

599 2452 786 2545 quattuor
803 2444 816 2485 ⁵
834 2472 901 2544 per
919 2449 1094 2538 heremo,
1115 2450 1168 2524 sic
1185 2452 1317 2522 tamen
1336 2471 1403 2544 per
1422 2449 1633 2536 heremum,
1661 2451 1707 2520 ut
1730 2451 1817 2521 cata
1836 2445 2049 2519 mansiones

599 2627 690 2699 atque
710 2621 743 2682 in
762 2620 938 2682 narratione
959 2621 1106 2682 ulteriore
1127 2620 1182 2681 fiet
1202 2618 1403 2692 luculentior:
1425 2625 1528 2678 tamen
1548 2638 1610 2678 non
1629 2638 1678 2678 me
1703 2615 1785 2695 fugit
1810 2617 1923 2696 pedem
1954 2614 2049 2677 offen·

598 2719 670 2779 dere
689 2717 791 2780 videri
812 2719 846 2779 in
866 2718 1058 2796 epigraphen
1079 2717 1242 2778 miliariam
1263 2737 1362 2796 nuper
1381 2721 1537 2793 repertam
1558 2735 1576 2774 a
1597 2715 1635 2776 cl.
1657 2735 1687 2774 v.
1710 2715 1745 2774 Ε.
1775 2713 1901 2774 Naville
1927 2713 1960 2772 in
1981 2713 2046 2772 loco

603 2819 897 2878 Tell-el-Masclrutu
922 2815 1023 2877 medio
1048 2817 1080 2876 in
1103 2816 1234 2892 isthmo;
1255 2835 1333 2892 quae
1347 2814 1492 2874 milliaria
1513 2832 1626 2874 novem
1652 2819 1774 2872 tantum
1796 2812 1879 2872 inter
1901 2810 2050 2872 civitates

598 2913 800 2993 Heroopolim
820 2920 852 2974 et
873 2912 1000 2992 Clysma
1020 2913 1132 2974 statuit
1151 2912 1271 2990 graecis
1300 2917 1332 2974 et
1359 2911 1466 2972 latinis
1487 2911 1685 2972 numeris-
1711 2909 1782 2969 DD.
1806 2908 1877 2970 NN.
1902 2908 2046 2968 VICTO-

598 3013 728 3074 RIBVS
746 3016 750 3093 Ι
768 3011 1024 3074 MAXIMIANO
1055 3012 1110 3072 ET
1138 3010 1304 3072 SEVERO
1323 3012 1327 3089 Ι
1345 3009 1701 3071 IMPERATORIBVS
1722 3009 1778 3069 ET
1802 3012 1806 3088 Ι
1824 3008 2049 3068 MAXIMINO

600 3112 655 3173 ΕΤ
676 3109 957 3172 CONSTANTIuo
976 3113 980 3189 Ι
999 3109 1289 3173 NOBILISSIMIS
1311 3107 1570 3170 CAESARIBVe
1589 3110 1593 3187 Ι
1611 3108 1669 3168 ΑΒ
1690 3106 1775 3168 ERO
1796 3108 1844 3169 IN
1859 3106 2050 3188 CLVSMAI

600 3191 661 3280 Μ
669 3207 951 3270 Vrme-Huno
961 3206 1096 3286 lapidem
1104 3207 1204 3268 denuo
1213 3206 1376 3269 ediditTh.
1386 3206 1602 3267 Mommsenol.
1611 3225 1640 3266 v.
1651 3203 1796 3284 (Ephem.
1807 3205 1907 3283 epigr.
1915 3205 1993 3282 V,p.
2003 3206 2051 3281 12,

599 3329 629 3371 n.
642 3311 689 3388 18,
701 3314 773 3386 etp.
784 3307 893 3384 arou.
905 3307 1007 3387 1327),
1019 3325 1110 3383 quum
1121 3306 1396 3369 animadvertisset
1409 3305 1487 3365 illud
1501 3305 1698 3366 intervallum
1712 3304 1883 3365 Itinerario
1898 3291 2052 3365 Anconini

598 3426 661 3467 non
679 3424 857 3484 congruere,
878 3403 991 3481 inquo
1012 3403 1098 3464 milia
1117 3403 1262 3466 LXVIII
1282 3404 1364 3466 inter
1385 3422 1438 3465 eas
1466 3405 1559 3463 urbes
1584 3401 1830 3463 constituuntur:
1860 3409 2052 3481 quapropter

598 3501 820 3580 difficultatem,
835 3521 895 3578 qua
908 3507 976 3562 erat
995 3499 1180 3579 implicatus,
1202 3500 1364 3578 effugiens,
1385 3502 1517 3560 alterum
1541 3497 1667 3577 Clysma
1688 3506 1863 3578 opportune
1877 3497 1995 3579 fingere
2011 3498 2051 3558 ad

598 3599 699 3660 lacum
724 3601 847 3660 I'r'mcdb
867 3618 929 3659 non
949 3595 1192 3658 dubitantem
1212 3597 1305 3658 huius
1325 3617 1387 3658 non
1406 3597 1599 3674 indigemus:
1614 3595 1696 3674 quod
1710 3596 1791 3676 lapis
1805 3597 1837 3656 in
1851 3597 1904 3657 via
1919 3596 2052 3657 militari

599 3697 730 3777 positus,
752 3717 830 3776 quae
851 3696 985 3758 deducta
1005 3703 1072 3756 erat
1093 3715 1130 3756 ex
1150 3695 1235 3756 Hero
1258 3695 1384 3774 Clysma
1411 3714 1531 3771 versus,
1560 3702 1659 3756 totum
1685 3695 1820 3772 spatium
1840 3695 1967 3756 itineris
1989 3715 2054 3756 non

600 3794 761 3872 indicaret,
783 3793 839 3855 sad
858 3799 999 3854 moneret
1017 3793 1069 3853 IX
1088 3792 1225 3853 millibus
1247 3811 1394 3870 passuum
1422 3811 1441 3852 a
1461 3792 1589 3852 civitate
1610 3792 1694 3853 Hero
1717 3791 1835 3853 distare
1856 3792 1967 3870 locum,
1990 3811 2051 3869 quc

601 3899 669 3955 erat
689 3891 817 3953 adfixus.
840 3891 941 3952 Locus
961 3897 1074 3969 autem,
1094 3891 1147 3951 ubi
1175 3891 1269 3952 castri
1297 3890 1416 3952 romani
1443 3889 1556 3952 rudera
1584 3891 1620 3950 Ε.
1641 3891 1766 3951 Naville
1792 3895 1963 3969 perspexit,
1990 3909 2053 3951 non

599 3992 692 4068 longe
714 4011 733 4050 a
752 3990 879 4050 Phitom
901 3989 1043 4051 extitisse
1065 3990 1197 4069 videtur,
1220 3991 1248 4051 si
1268 3997 1406 4051 nostram
1426 4009 1522 4069 prope
1544 3996 1577 4050 et
1597 3989 1731 4050 fideliter
1752 3990 1996 4066 insequeremur.

682 4087 691 4122 ¹
704 4087 780 4149 Cod.
793 4094 902 4148 «terra
911 4105 1004 4165 geere
1015 4087 1077 4148 iam
1087 4106 1180 4149 nosse
1191 4111 1218 4149 ».
1227 4088 1349 4149 Gessen
1359 4087 1446 4166 regio
1460 4087 1619 4148 orientalis
1631 4087 1770 4166 Aegypti
1780 4087 1930 4148 Arabiam
1941 4108 2054 4150 versus

601 4209 620 4249 a
640 4186 801 4246 Pharaone
821 4185 896 4245 filiis
910 4184 1008 4245 Jacob
1023 4185 1139 4246 tradita
1154 4185 1244 4266 (Cen.
1260 4185 1361 4263 XLV,
1377 4188 1424 4263 10,
1439 4185 1558 4262 XLVI,
1572 4187 1622 4262 28,
1638 4186 1687 4262 34,
1703 4185 1837 4260 XLVII,
1854 4188 1881 4262 1,
1896 4188 1926 4260 4,
1942 4188 1970 4264 6,
1984 4188 2055 4268 27).

684 4284 696 4318 ²
709 4285 772 4344 Per
786 4283 965 4361 Aegyptum
979 4283 1177 4362 peregrinata
1190 4289 1239 4345 est
1255 4303 1334 4344 anno
1350 4284 1518 4362 superiore,
1531 4283 1618 4344 ouius
1629 4283 1675 4344 rai
1690 4302 1728 4344 ex
1742 4284 1838 4344 Petro
1851 4283 1940 4344 Diae.
1952 4303 2055 4361 qnam-

602 4380 675 4442 dam
695 4379 946 4440 informationem
965 4379 1124 4440 habemus.

682 4476 861 4538 ³Ramesse
884 4477 961 4536 urbs
981 4475 1143 4537 aedificata
1163 4498 1182 4536 a
1201 4476 1276 4536 filiis
1296 4476 1397 4537 Israel
1419 4476 1531 4556 (Exod.
1552 4477 1580 4553 I,
1603 4476 1654 4557 11)
1677 4476 1711 4536 in
1732 4475 1863 4554 Gessen,
1886 4476 1918 4536 in
1938 4477 2056 4554 optimo

600 4585 703 4638 terrae
724 4575 791 4636 loco
813 4572 940 4653 (Genus.
962 4573 1097 4651 XLVII,
1120 4575 1182 4654 11),
1205 4573 1290 4634 dicta
1310 4593 1459 4634 unacum
1480 4574 1607 4634 Phitom
1629 4575 1706 4634 urbs
1727 4574 2014 4635 tabernaculorum:
2037 4595 2055 4636 e

603 4692 663 4750 qua
682 4671 794 4732 mirum
813 4669 1007 4732 liberationis
1026 4669 1088 4730 iter
1108 4669 1169 4748 ipsi
1190 4677 1400 4748 susceperunt.
1422 4671 1514 4732 Num.
1529 4671 1694 4745 XXXIH,
1716 4671 1749 4730 3:
1773 4669 1943 4732 «Profecti
1958 4657 2056 4750 igitur

603 4771 642 4832 de
662 4771 816 4831 Ramesse
833 4791 861 4828 ›.

682 4869 696 4902 ⁴
709 4868 756 4928 De
771 4865 828 4926 hac
842 4865 971 4927 civitate
984 4865 1101 4926 Arabia
1113 4866 1199 4927 nulla
1213 4865 1329 4928 mentio
1343 4865 1381 4926 fir
1393 4866 1426 4928 in
1440 4867 1644 4946 scriptoribus
1657 4867 1793 4946 antiquis
1807 4873 1879 4928 ante
1894 4868 2054 4929 saeculum

604 4965 753 5043 quintum
775 4965 821 5023 Ea
848 4961 972 5040 quidem
993 4963 1024 5022 in
1051 4964 1126 5023 Iulii
1146 4964 1278 5025 Honorii
1300 4963 1543 5044 Cosmographia
1572 4967 1750 5028 nommetur
1779 4967 1980 5047 (Ceographi
2001 4968 2057 5029 lat.

603 5062 676 5122 min.
699 5060 749 5123 ed.
768 5060 864 5122 Reise
879 5080 910 5138 p.
924 5062 990 5140 2I):
1008 5061 1143 5121 <Arabia
1157 5061 1313 5141 oppidum,
1328 5061 1429 5124 Fossa
1443 5063 1570 5124 Traiani
1585 5064 1762 5143 oppidum.»
1780 5065 1821 5124 Et
1843 5065 1877 5124 in
1897 5065 2057 5126 Hieroclis

606 5158 808 5238 Synecidemo
825 5157 867 5237 (p.
882 5158 934 5238 48)
949 5157 1031 5218 inter
1050 5158 1197 5220 ciuitates
1210 5158 1423 5238 praefecturae
1437 5162 1591 5223 secundae
1612 5162 1850 5241 Augustanicae
1871 5161 1990 5224 Arabia
2009 5182 2058 5223 re-

604 5262 764 5318 censetur:
791 5255 941 5340 «haberti,
968 5247 1122 5345 ’Atptba;,
1140 5260 1256 5334 Ἠλίου,
1273 5257 1460 5342 Βούβαστος,
1478 5255 1642 5350 Φάρζιθος,
1661 5263 1807 5352 Ἀραβία,
1825 5261 1960 5349 Κλύσμα
1977 5259 2055 5324 κάσ-

604 5380 677 5445 apae
691 5379 721 5416 ›.
743 5354 782 5414 In
805 5352 919 5412 notitia
943 5372 1063 5431 quoque
1091 5354 1334 5434 Episcopatuum
1363 5354 1502 5416 eiusdem
1529 5356 1741 5435 praefecturae
1770 5357 1887 5435 legitur
1915 5358 1958 5438 (p.
1985 5357 2056 5438 81):

608 5451 753 5542 Ἀραβίου
776 5469 832 5528 pro
859 5449 1015 5539 Ἀραβίας.

688 5545 700 5582 ⁵
714 5545 892 5608 Mauricuea
913 5553 1056 5624 quattuor
1070 5565 1126 5626 per
1139 5547 1296 5611 heremum
1309 5550 1381 5630 plus
1395 5551 1497 5612 minue
1517 5551 1630 5630 viginti
1651 5553 1788 5616 millibus
1808 5571 1958 5636 passuum
1972 5551 2058 5614 inter
