4622 6572
814 643 860 748 S.
914 638 1255 747 HILARII

557 933 846 1009 TRAOTATVS
875 934 939 1006 DE
967 933 1231 1008 MYSTERIIS
1260 934 1322 1007 ΕΤ
1350 934 1518 1008 HYMNI

955 1215 1115 1225 -ι

400 1807 602 1906 Multiplex
618 1800 628 1843 ¹
684 1863 1753 1884 .................
1836 1837 1838 1848 ·

319 2051 323 2158 Ι
353 2059 453 2154 ipsas
480 2058 565 2131 illas
594 2058 853 2154 intelligamus
880 2060 920 2132 in
949 2061 1076 2155 gestis.
1110 2060 1191 2132 Illis
1221 2063 1353 2133 autem
1391 2059 1484 2133 satis
1522 2063 1581 2134 est
1617 2063 1656 2133 et
1685 2057 1799 2132 ali-1

217 2168 221 2176 ’
292 2161 434 2278 ¹quam
462 2183 586 2256 inanis
623 2184 884 2257 similitudinis
913 2187 1074 2280 speeiem
1101 2189 1316 2279 coaptasse;
1349 2175 1489 2276 (cu)m²
1521 2183 1755 2279 comparatio

319 2311 360 2381 et
387 2307 580 2403 implenda
607 2313 759 2405 penitus
788 2309 833 2383 de
853 2311 1171 2406 consequentibus
1195 2311 1258 2403 sit,
1283 2315 1324 2384 et
1352 2333 1398 2386 ex
1426 2309 1546 2384 solido
1575 2308 1621 2382 de
1648 2329 1756 2402 prae-

319 2434 491 2508 sentibus
520 2433 744 2527 expetenda.
775 2434 893 2509 Omne
921 2438 1053 2509 autem
1081 2457 1194 2529 opus,
1224 2437 1325 2530 quod
1354 2434 1469 2509 sacris
1497 2432 1756 2508 voluminibus

323 2559 554 2650 continetur,
583 2559 794 2633 adventum
822 2559 964 2634 domini
993 2561 1114 2634 nostri
1142 2561 1229 2634 Iesu
1258 2561 1409 2650 Christi,
1448 2549 1541 2656 qui³
1564 2559 1701 2631 missus
1733 2580 1756 2630 a

319 2686 442 2779 patre,
472 2687 632 2779 epatre
661 2705 708 2756 ex
734 2685 883 2780 virgine
910 2708 977 2783 per
995 2687 1170 2782 spiritum
1191 2687 1305 2762 bomo
1333 2690 1448 2761 natus
1477 2689 1548 2776 est,
1578 2687 1618 2759 et
1646 2682 1757 2758 dictis

320 2802 503 2882 nuntiat⁴
531 2810 570 2882 et
598 2807 709 2882 factis
737 2809 927 2904 exprimit,
966 2813 1006 2884 et
1033 2809 1235 2884 confirmat
1262 2809 1464 2906 exemplis:
1493 2829 1660 2904 namque
1696 2807 1758 2881 hic

319 2954 387 3029 per
414 2954 527 3008 ‹unme
554 2933 758 3006 constituti
785 2934 898 3006 huius
927 2935 1069 3009 saeculi
1096 2939 1269 3031 tempus,
1297 2936 1399 3010 veris
1427 2938 1543 3030 atque
1572 2931 1757 3007 absolutis

319 3055 717 3153 praefigurationibus
737 3057 776 3129 in
796 3059 1022 3154 patriarchis
1041 3060 1237 3134 eeclesiam
1255 3063 1325 3134 aut
1344 3062 1602 3152 generabant
1621 3058 1757 3146 abluit,

321 3186 391 3256 aut
419 3183 644 3273 sanctificat,
665 3185 735 3256 aut
752 3181 867 3274 elicit,
888 3186 958 3257 aut
977 3184 1168 3272 discernit,
1190 3188 1259 3258 ant
1282 3185 1450 3259 redimit.
1471 3183 1610 3257 Somno
1638 3181 1757 3272 Adae,

320 3307 356 3381 N
358 3329 402 3382 oe
422 3307 579 3398 diluvic,
596 3308 858 3383 benedictione
874 3304 1156 3399 Melchisedech,
1173 3309 1351 3384 Abrahae
1369 3308 1654 3400 iustificatione,
1669 3309 1759 3381 ortu

321 3433 467 3523 Isahac,
496 3432 610 3506 Iacob
639 3434 848 3522 servitute;
877 3455 944 3528 per
972 3456 1087 3508 omne
1103 3433 1266 3530 denique
1284 3438 1437 3529 tempus
1465 3432 1645 3508 universa
1671 3453 1757 3526 pro·

321 3558 474 3655 phetia,
503 3558 731 3632 sacramenti
759 3559 929 3648 molitio,
959 3558 1167 3653 cognitioni
1195 3559 1453 3633 adsumendae
1481 3558 1528 3631 ab
1562 3579 1607 3631 eo
1635 3556 1759 3631 carnis

320 3682 472 3755 indulta
491 3685 559 3756 est.
588 3681 642 3754 Et'
666 3683 756 3778 quia
781 3683 852 3757 hoc
879 3683 1008 3756 libello
1038 3683 1162 3756 visum
1190 3687 1249 3757 est
1276 3683 1475 3758 ostendere
1508 3670 1686 3755 omne1n⁵
1718 3681 1758 3753 in

320 3806 479 3902 singulis
508 3806 722 3901 quibusque
750 3811 790 3881 et
817 3808 910 3882 viris
938 3810 978 3881 et
1005 3809 1241 3902 temporibus
1261 3811 1300 3882 et
1328 3808 1441 3883 rebus
1470 3808 1658 3883 adventus
1686 3806 1758 3896 sui,

323 3937 363 4007 et
391 3932 695 4028 praedicationis,
725 3936 765 4007 et
792 3933 989 4028 passionis
1018 3936 1058 4008 et
1089 3933 1390 4024 resurrectionis
1419 3935 1459 4007 et
1488 3936 1642 4007 nostrae
1669 3955 1757 4006 con·

323 4057 569 4153 gregationis,
599 4059 797 4153 tamquam
827 4049 1059 4152 imaginem⁶
1086 4058 1126 4130 in
1146 4057 1297 4154 speculo
1324 4057 1525 4154 praeferri;
1555 4079 1631 4132 non
1659 4061 1757 4130 tras·

313 4183 460 4258 cursim
488 4183 707 4258 memorabo
727 4183 868 4278 aliqua,
889 4181 953 4256 sed
974 4182 1051 4255 suis
1077 4181 1290 4277 quibusque
1317 4182 1553 4276 temporibus
1580 4182 1758 4257 universa

320 4307 496 4382 tractabo
525 4308 573 4381 ab
602 4306 737 4397 Adam,
766 4327 813 4380 ex
841 4328 916 4401 quo
945 4305 1104 4380 humani
1123 4305 1294 4399 (qelneris
1320 4305 1479 4380 scientia
1507 4305 1757 4400 permittitur,

325 4432 575 4506 inchoaturus
590 4431 601 4464 ⁷
616 4453 623 4503 :
640 4433 696 4522 ut,
713 4429 813 4526 quod
828 4431 868 4503 in
882 4430 1045 4505 Domino
1061 4432 1388 4522 (con)summatum
1408 4433 1478 4521 est,
1493 4430 1570 4503 iam
1585 4431 1632 4504 ab
1646 4424 1759 4506 initio

321 4557 454 4630 mundi
472 4556 512 4630 in
531 4556 704 4654 plurimis
723 4557 835 4630 rebus
854 4555 1154 4652 praefiguratum
1174 4577 1254 4635 esse
1271 4558 1462 4631 noscatur.
1831 4541 1834 4548 ’

400 4824 407 4856 ¹
425 4815 529 4876 Primo
550 4814 625 4876 folio
647 4815 795 4894 abscisso,
816 4816 874 4877 hoc
887 4816 1009 4876 initium
1023 4815 1096 4878 libri
1111 4813 1150 4878 de
1165 4815 1326 4895 Mysteriis
1340 4814 1456 4894 legitur
1469 4815 1502 4875 in
1516 4815 1663 4877 ambobus
1677 4821 1759 4876 eata·

319 4911 401 4992 logis
421 4935 460 4974 m.
476 4933 501 4976 a.
521 4912 728 4976 bibliothocae
743 4913 938 4975 Oassinensis
953 4934 971 4974 a
985 4915 1022 4976 el.
1038 4934 1066 4976 v.
1082 4915 1120 4974 Α.
1135 4914 1219 4975 Maio
1235 4913 1328 4976 editis
1345 4913 1556 4994 (Spicilepium
1569 4915 1655 4975 Rom.
1670 4913 1705 4974 Τ.
1720 4912 1759 4990 V,

318 5033 349 5092 p.
370 5013 452 5094 222),
474 5032 600 5090 qnorum
621 5013 701 5073 alter
721 5019 860 5092 tempore
881 5012 972 5074 Pauli
993 5013 1120 5074 secundi
1141 5019 1283 5076 exaratus
1298 5020 1356 5092 est,
1371 5012 1451 5075 alter
1471 5033 1549 5074 anno
1572 5015 1660 5074 1534.
1682 5013 1761 5086 Quo·

319 5110 410 5171 modo
432 5129 449 5172 e
471 5109 650 5172 Oassinensi
669 5111 702 5172 in
723 5111 899 5172 Arretinum
919 5111 1139 5173 bibliothecam
1164 5112 1301 5174 codicem
1327 5118 1466 5173 nostrum
1486 5112 1669 5174 translatum
1690 5131 1760 5176 esse

320 5207 493 5286 colligatur,
515 5213 684 5287 opportune
699 5207 731 5267 in
744 5206 935 5286 praefatione
950 5208 1083 5270 tractavi
1101 5245 1132 5254 -
1158 5219 1168 5249 ²
1182 5208 1244 5269 litt.
1259 5229 1290 5268 m
1309 5213 1428 5269 tantum
1449 5208 1585 5268 cernitur
1603 5217 1668 5255 -¹
1685 5206 1761 5268 eod.

321 5325 379 5383 quo
394 5315 459 5352 -⁴
475 5305 605 5384 nuntiet,
620 5307 731 5384 gallice
745 5341 786 5352 —
800 5315 811 5347 ⁵
824 5305 1030 5368 Desideratur
1042 5326 1161 5384 nomen,
1176 5305 1216 5366 ad
1230 5304 1311 5384 quod
1324 5311 1421 5366 omnis
1442 5303 1553 5367 referri
1573 5303 1682 5383 debet;
1705 5303 1760 5366 sed

318 5403 523 5484 prophetiam,
534 5403 586 5466 vel
600 5403 732 5468 similem
746 5423 853 5468 vocem
867 5411 973 5466 auctor
987 5404 1151 5484 scripsisse
1165 5404 1257 5466 facile
1273 5404 1412 5482 arguitur
1424 5437 1459 5452 -
1473 5411 1484 5446 ⁶
1498 5403 1531 5464 in
1543 5402 1707 5481 imaginem
1720 5437 1762 5450 -

321 5509 331 5542 ⁷
347 5501 552 5564 inchoaturus.
