4604 6560
756 814 760 818 .
830 762 875 812 ur
894 764 993 813 uoors
1015 763 1152 812 susurra
1650 745 1714 812 137

273 984 436 1081 amplius
462 984 642 1061 fuerunt:
671 983 795 1061 orbito
822 988 953 1061 autem
972 986 1076 1082 ipsae
1094 984 1239 1060 habent
1264 985 1374 1060 binos
1401 985 1513 1082 pedes
1546 985 1588 1058 in
1615 985 1711 1059 lato.

272 1107 443 1204 Vestigia
460 1131 552 1186 vero
569 1131 703 1184 eumue
720 1109 931 1185 Pharaonis
945 1132 1065 1206 usque
1083 1109 1133 1185 ad
1151 1133 1256 1186 mare
1274 1110 1471 1202 accedunt,
1487 1109 1555 1184 ubi
1580 1113 1713 1186 autem

268 1232 463 1340 ‘ingressus
490 1237 550 1308 est
566 1235 607 1308 in
624 1255 744 1328 mare,
763 1234 855 1309 dum
874 1235 961 1312 vult
977 1234 1075 1310 filios
1093 1235 1213 1310 Israel
1230 1233 1563 1330 comprehendere.
1592 1234 1639 1308 in
1666 1257 1712 1310 eo

272 1359 403 1432 autem
428 1357 524 1448 loco,
552 1358 593 1432 iu
620 1380 695 1455 quo
723 1359 883 1456 ingressi
909 1362 1002 1434 sunt
1019 1358 1089 1433 filii
1106 1359 1225 1434 Israel
1249 1359 1290 1434 in
1320 1381 1440 1451 mare,
1469 1359 1608 1452 idest,
1636 1382 1712 1456 quo

271 1503 392 1579 usque
419 1483 629 1558 Pharaonis
656 1483 805 1560 orbitas
831 1487 978 1581 parent,
1007 1486 1048 1559 iu
1074 1484 1187 1560 hodie
1214 1484 1291 1558 duo
1320 1484 1429 1581 signa
1456 1485 1582 1581 posita
1607 1489 1710 1576 sunt,

272 1629 393 1680 unum
419 1607 460 1682 in
486 1607 622 1684 dextro
640 1612 681 1706 et
699 1608 806 1683 aliud
823 1609 864 1682 in
882 1609 1050 1701 sinistro,
1071 1609 1172 1685 idem
1190 1633 1235 1685 ac
1253 1609 1286 1684 si
1305 1610 1557 1686 columnellae
1585 1610 1711 1686 factae
1755 1711 1759 1716 Α

270 1735 373 1807 sunt.
401 1732 522 1809 Locus
549 1737 683 1809 autem
711 1735 791 1830 ipse
809 1757 887 1810 non
905 1736 1018 1831 longe
1037 1757 1060 1808 a
1078 1738 1204 1810 castro
1223 1737 1294 1826 est,
1319 1735 1358 1808 id
1387 1739 1447 1812 est
1474 1735 1521 1812 de
1549 1735 1711 1811 Olesma.

270 1857 418 1934 Clesma
445 1861 577 1934 autem
614 1858 697 1955 ipsa
725 1860 766 1932 iu
792 1860 878 1954 ripa
904 1863 975 1950 est,
1004 1858 1044 1933 id
1071 1862 1131 1936 est
1158 1882 1272 1954 supra
1299 1882 1426 1935 mare:
1456 1883 1548 1935 nam
1577 1863 1712 1957 portus

272 1986 330 2058 est
356 1982 411 2056 ibi
437 1983 601 2074 clausus,
626 1983 693 2079 qui
711 1987 847 2079 portus
873 1983 999 2058 mittit
1015 1984 1066 2058 ad
1083 1983 1245 2075 Indiam,
1265 1986 1327 2060 vel
1346 1985 1488 2083 excipit
1514 1985 1712 2062 venientes

271 2129 388 2184 naves
414 2107 461 2183 de
488 2108 620 2184 India:
649 2110 742 2184 alibi
779 2109 881 2185 enim
913 2132 1102 2207 nusquam
1140 2109 1182 2184 in
1217 2133 1377 2186 romano
1405 2112 1487 2186 solo
1519 2133 1712 2187 aceessum

270 2231 415 2309 habent
435 2249 558 2310 'naves
586 2233 634 2310 de
662 2233 784 2324 India,
813 2234 886 2308 nisi
914 2235 966 2308 ibi
982 2226 1006 2310 ¹.
1035 2234 1163 2312 Nares
1190 2239 1323 2310 autem
1352 2236 1406 2309 ibi
1432 2240 1474 2310 et
1500 2238 1647 2312 multae
1667 2241 1710 2310 θὴ

271 2359 445 2453 ingentes
476 2363 589 2434 sunt:
623 2380 741 2456 quare
773 2363 906 2455 portus
939 2359 1108 2436 famosus
1139 2364 1198 2436 θεὴ
1230 2383 1298 2457 pro
1331 2359 1628 2444 adsumentibus
1658 2362 1712 2436 ibi

269 2484 545 2560 morosioribus
572 2485 620 2560 de
647 2483 768 2558 india.
797 2483 898 2558 Nam
917 2488 958 2560 et
984 2485 1049 2562 ille
1076 2507 1191 2582 agens
1218 2485 1260 2560 in
1286 2486 1411 2577 rebus,
1442 2509 1556 2583 quem
1583 2486 1706 2584 Lego·

270 2600 443 2684 teteme'
460 2610 667 2706 appellant,
683 2608 796 2684 idest
815 2610 882 2705 qui
900 2610 1059 2706 singulis
1078 2611 1187 2684 annis
1205 2611 1356 2707 legatus
1371 2612 1420 2686 ad
1432 2611 1584 2686 Indiam
1598 2613 1707 2688 vadit

270 2732 378 2806 iussu
405 2734 648 2830 imperatoris
675 2734 837 2825 romani,
857 2735 911 2809 ibi
930 2757 1020 2831 ergo
1039 2735 1145 2812 sedes
1163 2735 1293 2828 habet,
1313 2741 1354 2811 θὴ
1373 2759 1491 2813 nares
1518 2737 1571 2811 ibi
1598 2741 1707 2812 stant

271 2857 398 2954 ipsius.
427 2857 499 2933 Hic
526 2861 586 2934 est
611 2859 729 2950 loeus,
760 2858 826 2933 nbi
852 2862 1110 2956 pervenerunt
1128 2858 1197 2934 filii
1216 2860 1335 2936 Israel
1364 2860 1557 2957 fugientes
1585 2886 1610 2936 a
1637 2861 1707 2936 Fa·

269 3006 397 3074 raono,
426 2984 579 3079 quando
605 2984 652 3059 de
670 2985 823 3080 Egypto
843 2984 1003 3080 proiecti
1021 2987 1135 3059 sunt:
1154 2985 1226 3060 hoc
1245 2989 1378 3060 autem
1405 2990 1574 3062 castrum
1601 2991 1706 3083 post·

270 3109 425 3184 modum
444 3109 498 3182 ibi
512 3109 681 3206 positum
700 3112 759 3186 est
777 3132 846 3205 pro
865 3108 1083 3185 defensione
1102 3113 1143 3184 θὴ
1162 3101 1388 3205 disciplina³
1406 3133 1475 3206 pro
1490 3110 1705 3187 incursione

185 3241 187 3244 ’
245 3233 555 3338 ‘Saracenorum
575 3235 696 3311 Locus
715 3237 846 3310 autem
864 3234 944 3331 ipss
963 3233 1053 3309 telis
1070 3239 1142 3325 est,
1163 3236 1230 3309 ubi
1248 3238 1377 3309 totum
1394 3236 1584 3313 heremite
1617 3237 1707 3328 sint,

270 3358 308 3432 id
327 3363 386 3434 est
403 3361 526 3454 campi
545 3359 706 3450 arenosi,
720 3362 878 3456 excepto
898 3358 1114 3434 monteillo
1135 3382 1224 3450 uno,
1244 3360 1311 3457 qui
1327 3360 1514 3436 incumbit
1533 3362 1573 3436 iu
1594 3364 1707 3454 mari,

268 3482 310 3559 iu
336 3482 443 3559 cuius
470 3486 612 3558 montis
639 3485 761 3559 latere
787 3505 835 3560 ex
861 3483 1023 3560 adverso
1047 3482 1240 3579 colligitur
1267 3507 1434 3559 marmor
1461 3485 1704 3582 porphyreti-

268 3632 374 3684 cum:
403 3633 493 3684 uam
521 3632 569 3686 ex
596 3631 641 3686 eo
669 3609 808 3686 dieitur
826 3610 1013 3706 appellari
1030 3631 1136 3684 mare
1163 3610 1335 3701 rubrum,
1374 3610 1464 3706 quia
1491 3611 1552 3686 hic
1580 3634 1701 3706 mons,

267 3831 374 3894 littore
393 3832 488 3896 maris
509 3832 675 3913 erythraei.
698 3832 838 3910 Orosius,
859 3833 945 3896 Hist.
965 3834 985 3896 l.
1006 3833 1033 3910 I,
1054 3853 1080 3895 a
1111 3835 1169 3894 1οε
1192 3854 1209 3891 c
1231 3833 1347 3894 Extant
1374 3831 1470 3898 etiam
1496 3855 1578 3896 nunc
1599 3833 1705 3898 certis·

268 3931 347 3993 sima
365 3931 474 3994 horum
493 3938 690 3994 monumenta
708 3939 877 4010 gestorum.
897 3931 978 3994 Nam
998 3939 1116 3994 tractus
1137 3952 1280 3994 curruum
1298 3938 1497 4012 rotarumque
1511 3933 1630 3996 orbitae
1644 3953 1705 3994 non

268 4029 370 4091 solum
389 4029 422 4090 in
441 4031 557 4108 littore,
577 4029 636 4093 aed
650 4029 745 4092 etiam
758 4029 791 4092 in
803 4027 966 4109 profundo,
981 4049 1140 4108 quousque
1154 4030 1241 4093 visus
1256 4027 1444 4108 admittitur,
1461 4030 1675 4111 pervidentur.
1688 4037 1714 4089 a

268 4125 316 4188 cf.
339 4126 490 4204 Cosmum,
511 4128 645 4208 Topogr.
668 4127 783 4190 Obrist.
805 4127 826 4189 l.
847 4128 887 4204 V,
908 4134 941 4190 et
961 4128 1056 4208 Greg.
1078 4129 1191 4191 Toron.
1213 4129 1254 4190 Η.
1274 4129 1328 4191 Fr.
1349 4129 1376 4208 I,
1388 4149 1414 4192 θ.
1430 4133 1478 4192 10.
1501 4153 1518 4189 ‹
1539 4129 1606 4194 Nos
1625 4129 1706 4208 quod

267 4226 291 4285 θ’
306 4223 500 4305 sapientibus
522 4233 555 4287 et
575 4233 660 4288 certe
679 4225 744 4288 illis
764 4223 950 4312 hominibus,
970 4226 1023 4304 qui
1043 4225 1074 4288 iu
1096 4227 1204 4290 eodem
1224 4227 1291 4290 loeo
1313 4235 1518 4307 accesserant,
1538 4247 1647 4292 verum
1660 4248 1707 4290 co·

269 4323 441 4402 gnorimus,
463 4343 500 4385 ea
519 4322 657 4386 inserere
677 4323 855 4386 studuimus
864 4323 1005 4403 paginae.
1020 4323 1117 4386 Aiunt
1130 4325 1212 4387 enim
1223 4325 1336 4404 sulcos,
1356 4345 1437 4405 quos
1457 4331 1543 4388 rotae
1564 4341 1707 4388 curruum
1736 4323 1739 4326 ’

266 4419 415 4498 fecerant,
435 4440 534 4499 usque
546 4419 641 4483 hodie
656 4439 845 4500 permanere,
860 4429 893 4484 et
913 4428 1058 4500 quantum
1072 4422 1155 4484 acies
1171 4422 1328 4486 oculorum
1342 4423 1449 4488 videre
1459 4430 1573 4504 potest,
1588 4425 1620 4485 in
1637 4445 1704 4504 pro·

266 4516 362 4581 fundo
387 4519 471 4582 torni
483 4543 511 4581 r.

346 4615 428 4679 ¹De
447 4617 549 4680 indica
567 4618 765 4698 navigatione
792 4618 865 4682 vide
892 4621 1058 4701 praecipue
1085 4621 1224 4683 Plinium
1244 4619 1285 4681 H.
1309 4619 1348 4683 N.
1370 4617 1427 4695 VI,
1449 4641 1515 4702 cap.
1541 4623 1582 4683 26
1604 4630 1636 4685 et
1655 4621 1706 4686 27.

267 4716 380 4778 Anton.
401 4737 440 4779 m.
462 4737 528 4797 cap.
548 4720 608 4779 41:
631 4740 648 4776 θ
669 4717 719 4779 Ibi
740 4725 790 4780 est
810 4717 923 4780 civitas
944 4717 1073 4796 modica,
1087 4738 1166 4796 quae
1186 4719 1364 4796 appellatur
1378 4717 1514 4798 Olysma,
1535 4719 1590 4781 ubi
1612 4721 1705 4783 etiam

265 4834 361 4878 naves
381 4815 420 4878 de
440 4815 532 4877 Inda
550 4815 688 4879 veniunt.
709 4838 725 4875 a
749 4815 843 4894 Grsg.
864 4815 937 4878 Tur.
958 4816 999 4877 H.
1019 4816 1071 4877 Pr.
1086 4809 1119 4890 ‘1‚
1143 4836 1168 4878 e.
1191 4818 1250 4876 10:
1273 4839 1290 4875 θ
1312 4816 1395 4891 Quia
1425 4837 1522 4881 nares
1549 4817 1589 4881 ds
1613 4815 1705 4880 India

266 4909 562 4976 venientes‘ibidem
582 4912 777 4994 (Clysmatis)
799 4913 838 4974 ob
858 4919 968 4991 portus
989 4913 1252 4994 opportunitatem
1275 4913 1440 4992 quieseunt
1461 4939 1488 4977 ε.

344 5009 553 5090 'Lugothota
573 5017 623 5072 θεὴ
642 5010 796 5072 rationum
816 5011 1015 5091 perscriptor,
1035 5019 1071 5073 ut
1091 5012 1208 5073 romani
1229 5011 1463 5091 graecissantes
1484 5033 1553 5076 eum
1573 5013 1706 5096 appella·

265 5107 348 5168 bant.
369 5105 459 5169 Proe.
481 5107 573 5169 Goth.
594 5105 703 5184 111,0.
725 5111 752 5169 1.
772 5107 822 5169 De
843 5109 911 5189 ejus
931 5108 1068 5170 muueris
1089 5107 1275 5185 antiquitate
1296 5119 1330 5171 et
1349 5129 1407 5190 per
1428 5110 1566 5172 medium
1594 5129 1706 5174 sevum

268 5223 359 5267 eursu
381 5204 560 5284 vicibusque
578 5207 707 5268 consule·
726 5206 830 5269 Gloss.
851 5206 1000 5284 Ducauge
1021 5206 1053 5267 in
1074 5226 1103 5267 r.
1119 5206 1304 5285 Lugotheta.

346 5301 358 5338 ³
378 5302 543 5382 Intellige:
564 5303 700 5383 positum
720 5312 771 5365 est
790 5325 846 5384 pro
866 5302 1047 5368 defensione
1069 5310 1102 5364 et
1121 5303 1291 5384 disciplina
1312 5325 1437 5367 romana
1457 5305 1496 5366 ob
1516 5306 1706 5369 incursiones

268 5419 491 5463 saracenorum.
511 5401 639 5482 Peregr.
660 5425 689 5484 p.
711 5405 769 5464 47:
793 5411 957 5465 «castrum
978 5410 1027 5464 est
1047 5401 1092 5463 ibi
1115 5449 1122 5462 .
1145 5448 1152 5463 .
1176 5449 1183 5462 .
1206 5423 1262 5481 pro
1282 5403 1449 5482 disciplina
1468 5419 1660 5466 romanorum
1676 5428 1705 5468 ›.

269 5497 311 5559 m
329 5521 359 5578 p.
391 5501 495 5564 50:22
523 5502 698 5564 remisimus
721 5501 849 5578 milites,
877 5502 929 5580 qui
953 5501 1044 5564 nobis
1067 5521 1126 5582 pro
1144 5501 1317 5582 disciplina
1343 5521 1469 5565 romana
1497 5503 1611 5565 auxilia
1637 5523 1703 5584 pre-

271 5598 402 5661 buerant
422 5623 450 5661 s.
1421 5605 1426 5614 ’

1563 5733 1599 5790 18
