<?xml version="1.0" encoding="UTF-8"?>
<!DOCTYPE html PUBLIC "-//W3C//DTD XHTML 1.0 Transitional//EN"
    "http://www.w3.org/TR/xhtml1/DTD/xhtml1-transitional.dtd">
<html xmlns="http://www.w3.org/1999/xhtml" xml:lang="en" lang="en">
 <head>
  <title>
</title>
<meta http-equiv="Content-Type" content="text/html;charset=utf-8" />
  <meta name='ocr-system' content='tesseract 3.04.00' />
  <meta name='ocr-capabilities' content='ocr_page ocr_carea ocr_par ocr_line ocrx_word'/>
</head>
<body>
  <div class='ocr_page' id='page_1' title='image "./shilariitractat00petrgoog_0097.png"; bbox 0 0 4622 6572; ppageno 0'>
   <div class='ocr_carea' id='block_1_1' title="bbox 762 665 1738 731">
    <p class='ocr_par' dir='ltr' id='par_1_1' title="bbox 762 665 1738 731">
     <span class='ocr_line' id='line_1_1' title="bbox 762 665 1738 731; baseline 0.007 -7"><span class='ocrx_word' id='word_1_1' title='bbox 762 680 804 724; x_wconf 81' lang='lat' dir='ltr'>nn</span> <span class='ocrx_word' id='word_1_2' title='bbox 829 679 914 726; x_wconf 76' lang='lat' dir='ltr'>cocu</span> <span class='ocrx_word' id='word_1_3' title='bbox 937 681 1064 726; x_wconf 71' lang='lat' dir='ltr'>surore</span> <span class='ocrx_word' id='word_1_4' title='bbox 1090 682 1143 728; x_wconf 79' lang='lat' dir='ltr'>uu.</span> <span class='ocrx_word' id='word_1_5' title='bbox 1167 687 1268 728; x_wconf 80' lang='lat' dir='ltr'>ass-sss</span> <span class='ocrx_word' id='word_1_6' title='bbox 1694 665 1738 731; x_wconf 78' lang='lat'>55</span> 
     </span>
    </p>
   </div>
   <div class='ocr_carea' id='block_1_2' title="bbox 294 879 1916 1000">
    <p class='ocr_par' dir='ltr' id='par_1_2' title="bbox 294 879 1916 1000">
     <span class='ocr_line' id='line_1_2' title="bbox 294 879 1916 1000; baseline 0.004 -28"><span class='ocrx_word' id='word_1_7' title='bbox 294 897 460 972; x_wconf 88' lang='lat' dir='ltr'>vidimus</span> <span class='ocrx_word' id='word_1_8' title='bbox 488 902 612 974; x_wconf 85' lang='lat' dir='ltr'>terras</span> <span class='ocrx_word' id='word_1_9' title='bbox 641 879 879 973; x_wconf 84' lang='lat' dir='ltr'>Sodomitum</span> <span class='ocrx_word' id='word_1_10' title='bbox 909 923 1050 992; x_wconf 90' lang='lat' dir='ltr'>omues,</span> <span class='ocrx_word' id='word_1_11' title='bbox 1071 923 1139 976; x_wconf 88' lang='lat' dir='ltr'>nec</span> <span class='ocrx_word' id='word_1_12' title='bbox 1167 925 1243 976; x_wconf 88' lang='lat' dir='ltr'>nou</span> <span class='ocrx_word' id='word_1_13' title='bbox 1264 907 1304 977; x_wconf 92' lang='lat' dir='ltr'>et</span> <span class='ocrx_word' id='word_1_14' title='bbox 1332 903 1470 999; x_wconf 81' lang='lat' dir='ltr'>Segor:</span> <span class='ocrx_word' id='word_1_15' title='bbox 1491 925 1589 1000; x_wconf 86' lang='lat' dir='ltr'>quae</span> <span class='ocrx_word' id='word_1_16' title='bbox 1608 907 1739 980; x_wconf 88' lang='lat' dir='ltr'>tamen</span> <span class='ocrx_word' id='word_1_17' title='bbox 1820 917 1823 935; x_wconf 92' lang='lat'>&#39;</span> <span class='ocrx_word' id='word_1_18' title='bbox 1913 905 1916 921; x_wconf 90' lang='lat'>&#39;</span> 
     </span>
    </p>
   </div>
   <div class='ocr_carea' id='block_1_3' title="bbox 296 989 1775 2883">
    <p class='ocr_par' dir='ltr' id='par_1_3' title="bbox 296 989 1775 2883">
     <span class='ocr_line' id='line_1_3' title="bbox 296 989 1736 1126; baseline 0.004 -27"><span class='ocrx_word' id='word_1_19' title='bbox 296 1027 413 1124; x_wconf 75' lang='lat' dir='ltr'>Segor</span> <span class='ocrx_word' id='word_1_20' title='bbox 441 1028 523 1101; x_wconf 86' lang='lat' dir='ltr'>sola</span> <span class='ocrx_word' id='word_1_21' title='bbox 551 1027 597 1100; x_wconf 90' lang='lat' dir='ltr'>de</span> <span class='ocrx_word' id='word_1_22' title='bbox 625 1026 700 1100; x_wconf 90' lang='lat' dir='ltr'>illis</span> <span class='ocrx_word' id='word_1_23' title='bbox 728 1026 895 1122; x_wconf 91' lang='lat' dir='ltr'>quinque</span> <span class='ocrx_word' id='word_1_24' title='bbox 924 1027 1035 1102; x_wconf 90' lang='lat' dir='ltr'>hodie</span> <span class='ocrx_word' id='word_1_25' title='bbox 1064 989 1348 1126; x_wconf 63' lang='lat' dir='ltr'>constatham</span> <span class='ocrx_word' id='word_1_26' title='bbox 1375 1032 1415 1104; x_wconf 88' lang='lat' dir='ltr'>et</span> <span class='ocrx_word' id='word_1_27' title='bbox 1442 1031 1662 1105; x_wconf 81' lang='lat' dir='ltr'>memoriale</span> <span class='ocrx_word' id='word_1_28' title='bbox 1683 1033 1736 1105; x_wconf 91' lang='lat' dir='ltr'>ibi</span> 
     </span>
     <span class='ocr_line' id='line_1_4' title="bbox 296 1152 1738 1262; baseline 0.003 -36"><span class='ocrx_word' id='word_1_29' title='bbox 296 1155 365 1244; x_wconf 90' lang='lat' dir='ltr'>est,</span> <span class='ocrx_word' id='word_1_30' title='bbox 395 1152 440 1226; x_wconf 90' lang='lat' dir='ltr'>de</span> <span class='ocrx_word' id='word_1_31' title='bbox 470 1153 605 1226; x_wconf 89' lang='lat' dir='ltr'>ceteris</span> <span class='ocrx_word' id='word_1_32' title='bbox 633 1153 858 1227; x_wconf 86' lang='lat' dir='ltr'>autemillis</span> <span class='ocrx_word' id='word_1_33' title='bbox 879 1153 1217 1228; x_wconf 89' lang='lat' dir='ltr'>civitatibusnihil</span> <span class='ocrx_word' id='word_1_34' title='bbox 1242 1154 1347 1228; x_wconf 90' lang='lat' dir='ltr'>aliud</span> <span class='ocrx_word' id='word_1_35' title='bbox 1369 1160 1540 1262; x_wconf 87' lang='lat' dir='ltr'>apparet,</span> <span class='ocrx_word' id='word_1_36' title='bbox 1561 1157 1633 1232; x_wconf 92' lang='lat' dir='ltr'>nisi</span> <span class='ocrx_word' id='word_1_37' title='bbox 1651 1157 1738 1231; x_wconf 91' lang='lat' dir='ltr'>sub·</span> 
     </span>
     <span class='ocr_line' id='line_1_5' title="bbox 296 1270 1739 1374; baseline 0.003 -22"><span class='ocrx_word' id='word_1_38' title='bbox 296 1278 420 1353; x_wconf 90' lang='lat' dir='ltr'>versio</span> <span class='ocrx_word' id='word_1_39' title='bbox 438 1279 638 1354; x_wconf 88' lang='lat' dir='ltr'>ruinarum</span> <span class='ocrx_word' id='word_1_40' title='bbox 651 1270 674 1370; x_wconf 85' lang='lat'>¹,</span> <span class='ocrx_word' id='word_1_41' title='bbox 691 1301 804 1374; x_wconf 90' lang='lat' dir='ltr'>quem</span> <span class='ocrx_word' id='word_1_42' title='bbox 819 1279 867 1354; x_wconf 88' lang='lat' dir='ltr'>ed</span> <span class='ocrx_word' id='word_1_43' title='bbox 884 1280 1038 1354; x_wconf 91' lang='lat' dir='ltr'>modum</span> <span class='ocrx_word' id='word_1_44' title='bbox 1058 1281 1098 1354; x_wconf 93' lang='lat' dir='ltr'>in</span> <span class='ocrx_word' id='word_1_45' title='bbox 1115 1281 1279 1356; x_wconf 88' lang='lat' dir='ltr'>cinerem</span> <span class='ocrx_word' id='word_1_46' title='bbox 1299 1304 1477 1357; x_wconf 88' lang='lat' dir='ltr'>converse</span> <span class='ocrx_word' id='word_1_47' title='bbox 1497 1286 1599 1357; x_wconf 88' lang='lat' dir='ltr'>sunt.</span> <span class='ocrx_word' id='word_1_48' title='bbox 1619 1284 1739 1359; x_wconf 88' lang='lat' dir='ltr'>Locus</span> 
     </span>
     <span class='ocr_line' id='line_1_6' title="bbox 296 1404 1740 1504; baseline 0.003 -25"><span class='ocrx_word' id='word_1_49' title='bbox 296 1404 425 1494; x_wconf 88' lang='lat' dir='ltr'>etiam,</span> <span class='ocrx_word' id='word_1_50' title='bbox 456 1404 521 1478; x_wconf 93' lang='lat' dir='ltr'>ubi</span> <span class='ocrx_word' id='word_1_51' title='bbox 548 1405 625 1478; x_wconf 85' lang='lat' dir='ltr'>fuit</span> <span class='ocrx_word' id='word_1_52' title='bbox 651 1405 791 1479; x_wconf 91' lang='lat' dir='ltr'>titulus</span> <span class='ocrx_word' id='word_1_53' title='bbox 818 1407 947 1480; x_wconf 87' lang='lat' dir='ltr'>uxoris</span> <span class='ocrx_word' id='word_1_54' title='bbox 975 1407 1085 1498; x_wconf 89' lang='lat' dir='ltr'>Loth,</span> <span class='ocrx_word' id='word_1_55' title='bbox 1106 1411 1283 1482; x_wconf 89' lang='lat' dir='ltr'>ostensus</span> <span class='ocrx_word' id='word_1_56' title='bbox 1309 1411 1368 1483; x_wconf 90' lang='lat' dir='ltr'>est</span> <span class='ocrx_word' id='word_1_57' title='bbox 1395 1409 1521 1497; x_wconf 91' lang='lat' dir='ltr'>nobis;</span> <span class='ocrx_word' id='word_1_58' title='bbox 1543 1411 1608 1504; x_wconf 92' lang='lat' dir='ltr'>qui</span> <span class='ocrx_word' id='word_1_59' title='bbox 1634 1410 1740 1484; x_wconf 87' lang='lat' dir='ltr'>locus</span> 
     </span>
     <span class='ocr_line' id='line_1_7' title="bbox 297 1505 1738 1638; baseline 0.001 -34"><span class='ocrx_word' id='word_1_60' title='bbox 297 1529 412 1604; x_wconf 89' lang='lat' dir='ltr'>etiam</span> <span class='ocrx_word' id='word_1_61' title='bbox 442 1531 481 1603; x_wconf 92' lang='lat' dir='ltr'>in</span> <span class='ocrx_word' id='word_1_62' title='bbox 509 1529 707 1625; x_wconf 88' lang='lat' dir='ltr'>scripturis</span> <span class='ocrx_word' id='word_1_63' title='bbox 734 1505 991 1638; x_wconf 57' lang='lat' dir='ltr'>legiturJSed</span> <span class='ocrx_word' id='word_1_64' title='bbox 1012 1531 1108 1604; x_wconf 91' lang='lat' dir='ltr'>mihi</span> <span class='ocrx_word' id='word_1_65' title='bbox 1132 1531 1286 1622; x_wconf 89' lang='lat' dir='ltr'>credite,</span> <span class='ocrx_word' id='word_1_66' title='bbox 1316 1531 1467 1606; x_wconf 91' lang='lat' dir='ltr'>domine</span> <span class='ocrx_word' id='word_1_67' title='bbox 1489 1534 1738 1625; x_wconf 68' lang='lat' dir='ltr'>venerabiles</span> 
     </span>
     <span class='ocr_line' id='line_1_8' title="bbox 296 1655 1739 1754; baseline 0.003 -26"><span class='ocrx_word' id='word_1_68' title='bbox 296 1657 386 1750; x_wconf 88' lang='lat' dir='ltr'>quia</span> <span class='ocrx_word' id='word_1_69' title='bbox 414 1657 592 1729; x_wconf 86' lang='lat' dir='ltr'>columna</span> <span class='ocrx_word' id='word_1_70' title='bbox 619 1655 700 1751; x_wconf 90' lang='lat' dir='ltr'>ipsa</span> <span class='ocrx_word' id='word_1_71' title='bbox 728 1657 804 1728; x_wconf 91' lang='lat' dir='ltr'>iam</span> <span class='ocrx_word' id='word_1_72' title='bbox 824 1679 901 1730; x_wconf 91' lang='lat' dir='ltr'>non</span> <span class='ocrx_word' id='word_1_73' title='bbox 920 1659 1041 1753; x_wconf 86' lang='lat' dir='ltr'>peret,</span> <span class='ocrx_word' id='word_1_74' title='bbox 1063 1657 1167 1732; x_wconf 88' lang='lat' dir='ltr'>locus</span> <span class='ocrx_word' id='word_1_75' title='bbox 1187 1661 1318 1732; x_wconf 90' lang='lat' dir='ltr'>autem</span> <span class='ocrx_word' id='word_1_76' title='bbox 1338 1659 1416 1754; x_wconf 92' lang='lat' dir='ltr'>ipse</span> <span class='ocrx_word' id='word_1_77' title='bbox 1435 1661 1590 1732; x_wconf 87' lang='lat' dir='ltr'>tantum</span> <span class='ocrx_word' id='word_1_78' title='bbox 1611 1663 1739 1734; x_wconf 90' lang='lat' dir='ltr'>osten·</span> 
     </span>
     <span class='ocr_line' id='line_1_9' title="bbox 296 1776 1735 1878; baseline 0.003 -25"><span class='ocrx_word' id='word_1_79' title='bbox 296 1781 421 1854; x_wconf 86' lang='lat' dir='ltr'>ditur:</span> <span class='ocrx_word' id='word_1_80' title='bbox 451 1781 630 1870; x_wconf 86' lang='lat' dir='ltr'>columna</span> <span class='ocrx_word' id='word_1_81' title='bbox 656 1785 786 1856; x_wconf 89' lang='lat' dir='ltr'>autem</span> <span class='ocrx_word' id='word_1_82' title='bbox 814 1781 895 1876; x_wconf 87' lang='lat' dir='ltr'>ipsa</span> <span class='ocrx_word' id='word_1_83' title='bbox 919 1782 1058 1856; x_wconf 88' lang='lat' dir='ltr'>dicitur</span> <span class='ocrx_word' id='word_1_84' title='bbox 1078 1783 1174 1856; x_wconf 90' lang='lat' dir='ltr'>mari</span> <span class='ocrx_word' id='word_1_85' title='bbox 1200 1787 1352 1857; x_wconf 91' lang='lat' dir='ltr'>mortuo</span> <span class='ocrx_word' id='word_1_86' title='bbox 1372 1783 1489 1858; x_wconf 88' lang='lat' dir='ltr'>fuisse</span> <span class='ocrx_word' id='word_1_87' title='bbox 1508 1776 1735 1878; x_wconf 85' lang='lat' dir='ltr'>cooperta².</span> 
     </span>
     <span class='ocr_line' id='line_1_10' title="bbox 296 1905 1737 2000; baseline 0.003 -21"><span class='ocrx_word' id='word_1_88' title='bbox 296 1905 405 1980; x_wconf 82' lang='lat' dir='ltr'>Certe</span> <span class='ocrx_word' id='word_1_89' title='bbox 425 1907 549 1982; x_wconf 92' lang='lat' dir='ltr'>locum</span> <span class='ocrx_word' id='word_1_90' title='bbox 577 1906 814 1982; x_wconf 89' lang='lat' dir='ltr'>videremus:</span> <span class='ocrx_word' id='word_1_91' title='bbox 835 1908 1052 1982; x_wconf 86' lang='lat' dir='ltr'>columnam</span> <span class='ocrx_word' id='word_1_92' title='bbox 1075 1908 1222 1982; x_wconf 89' lang='lat' dir='ltr'>nullam</span> <span class='ocrx_word' id='word_1_93' title='bbox 1241 1907 1417 2000; x_wconf 89' lang='lat' dir='ltr'>vidimus,</span> <span class='ocrx_word' id='word_1_94' title='bbox 1437 1912 1477 1982; x_wconf 92' lang='lat' dir='ltr'>et</span> <span class='ocrx_word' id='word_1_95' title='bbox 1498 1909 1582 1983; x_wconf 92' lang='lat' dir='ltr'>ideo</span> <span class='ocrx_word' id='word_1_96' title='bbox 1603 1908 1737 1984; x_wconf 85' lang='lat' dir='ltr'>fallere</span> 
     </span>
     <span class='ocr_line' id='line_1_11' title="bbox 297 2033 1737 2130; baseline 0.001 -23"><span class='ocrx_word' id='word_1_97' title='bbox 297 2055 364 2107; x_wconf 89' lang='lat' dir='ltr'>vos</span> <span class='ocrx_word' id='word_1_98' title='bbox 391 2054 503 2127; x_wconf 92' lang='lat' dir='ltr'>super</span> <span class='ocrx_word' id='word_1_99' title='bbox 531 2033 627 2108; x_wconf 90' lang='lat' dir='ltr'>hanc</span> <span class='ocrx_word' id='word_1_100' title='bbox 655 2055 735 2108; x_wconf 90' lang='lat' dir='ltr'>rem</span> <span class='ocrx_word' id='word_1_101' title='bbox 764 2056 840 2108; x_wconf 90' lang='lat' dir='ltr'>non</span> <span class='ocrx_word' id='word_1_102' title='bbox 869 2055 1033 2130; x_wconf 90' lang='lat' dir='ltr'>possum.</span> <span class='ocrx_word' id='word_1_103' title='bbox 1063 2034 1162 2108; x_wconf 88' lang='lat' dir='ltr'>Nam</span> <span class='ocrx_word' id='word_1_104' title='bbox 1190 2034 1385 2130; x_wconf 88' lang='lat' dir='ltr'>episcopus</span> <span class='ocrx_word' id='word_1_105' title='bbox 1419 2034 1492 2109; x_wconf 90' lang='lat' dir='ltr'>loci</span> <span class='ocrx_word' id='word_1_106' title='bbox 1525 2034 1656 2129; x_wconf 91' lang='lat' dir='ltr'>ipsius,</span> <span class='ocrx_word' id='word_1_107' title='bbox 1698 2035 1737 2108; x_wconf 92' lang='lat' dir='ltr'>id</span> 
     </span>
     <span class='ocr_line' id='line_1_12' title="bbox 297 2150 1775 2258; baseline 0.003 -27"><span class='ocrx_word' id='word_1_108' title='bbox 297 2161 355 2232; x_wconf 90' lang='lat' dir='ltr'>est</span> <span class='ocrx_word' id='word_1_109' title='bbox 383 2158 429 2231; x_wconf 89' lang='lat' dir='ltr'>de</span> <span class='ocrx_word' id='word_1_110' title='bbox 458 2158 574 2254; x_wconf 76' lang='lat' dir='ltr'>Segor</span> <span class='ocrx_word' id='word_1_111' title='bbox 583 2150 608 2248; x_wconf 83' lang='lat'>³,</span> <span class='ocrx_word' id='word_1_112' title='bbox 630 2158 727 2232; x_wconf 84' lang='lat' dir='ltr'>dixit</span> <span class='ocrx_word' id='word_1_113' title='bbox 745 2160 866 2250; x_wconf 91' lang='lat' dir='ltr'>nobis,</span> <span class='ocrx_word' id='word_1_114' title='bbox 887 2159 1068 2256; x_wconf 89' lang='lat' dir='ltr'>quoniam</span> <span class='ocrx_word' id='word_1_115' title='bbox 1087 2160 1163 2232; x_wconf 91' lang='lat' dir='ltr'>iam</span> <span class='ocrx_word' id='word_1_116' title='bbox 1183 2161 1332 2255; x_wconf 78' lang='lat' dir='ltr'><strong>aliquot</strong></span> <span class='ocrx_word' id='word_1_117' title='bbox 1351 2161 1442 2233; x_wconf 84' lang='lat' dir='ltr'>anni</span> <span class='ocrx_word' id='word_1_118' title='bbox 1461 2163 1598 2249; x_wconf 88' lang='lat' dir='ltr'>essent,</span> <span class='ocrx_word' id='word_1_119' title='bbox 1619 2184 1642 2234; x_wconf 89' lang='lat' dir='ltr'>a</span> <span class='ocrx_word' id='word_1_120' title='bbox 1662 2183 1736 2255; x_wconf 93' lang='lat' dir='ltr'>quo</span> <span class='ocrx_word' id='word_1_121' title='bbox 1772 2251 1775 2258; x_wconf 23' lang='grc' dir='ltr'>Ι</span> 
     </span>
     <span class='ocr_line' id='line_1_13' title="bbox 298 2283 1734 2381; baseline 0.003 -25"><span class='ocrx_word' id='word_1_122' title='bbox 298 2306 373 2358; x_wconf 92' lang='lat' dir='ltr'>non</span> <span class='ocrx_word' id='word_1_123' title='bbox 401 2286 554 2381; x_wconf 86' lang='lat' dir='ltr'>pareret</span> <span class='ocrx_word' id='word_1_124' title='bbox 582 2285 759 2359; x_wconf 90' lang='lat' dir='ltr'>columna</span> <span class='ocrx_word' id='word_1_125' title='bbox 787 2285 865 2358; x_wconf 88' lang='lat' dir='ltr'>illa.</span> <span class='ocrx_word' id='word_1_126' title='bbox 895 2285 994 2358; x_wconf 86' lang='lat' dir='ltr'>Nam</span> <span class='ocrx_word' id='word_1_127' title='bbox 1023 2283 1069 2358; x_wconf 90' lang='lat' dir='ltr'>de</span> <span class='ocrx_word' id='word_1_128' title='bbox 1098 2285 1215 2380; x_wconf 85' lang='lat' dir='ltr'>Segor</span> <span class='ocrx_word' id='word_1_129' title='bbox 1242 2285 1404 2360; x_wconf 83' lang='lat' dir='ltr'><strong>forsitan</strong></span> <span class='ocrx_word' id='word_1_130' title='bbox 1437 2288 1544 2360; x_wconf 88' lang='lat' dir='ltr'>sexto</span> <span class='ocrx_word' id='word_1_131' title='bbox 1569 2285 1734 2360; x_wconf 90' lang='lat' dir='ltr'>miliario</span> 
     </span>
     <span class='ocr_line' id='line_1_14' title="bbox 297 2409 1738 2508; baseline 0.002 -26"><span class='ocrx_word' id='word_1_132' title='bbox 297 2410 377 2506; x_wconf 91' lang='lat' dir='ltr'>ipse</span> <span class='ocrx_word' id='word_1_133' title='bbox 404 2411 508 2484; x_wconf 88' lang='lat' dir='ltr'>locus</span> <span class='ocrx_word' id='word_1_134' title='bbox 537 2412 607 2500; x_wconf 90' lang='lat' dir='ltr'>est,</span> <span class='ocrx_word' id='word_1_135' title='bbox 627 2411 693 2482; x_wconf 92' lang='lat' dir='ltr'>ubi</span> <span class='ocrx_word' id='word_1_136' title='bbox 722 2409 832 2484; x_wconf 92' lang='lat' dir='ltr'>stetit</span> <span class='ocrx_word' id='word_1_137' title='bbox 851 2411 1027 2484; x_wconf 90' lang='lat' dir='ltr'>columna</span> <span class='ocrx_word' id='word_1_138' title='bbox 1046 2411 1124 2502; x_wconf 90' lang='lat' dir='ltr'>illa,</span> <span class='ocrx_word' id='word_1_139' title='bbox 1155 2411 1256 2506; x_wconf 90' lang='lat' dir='ltr'>quod</span> <span class='ocrx_word' id='word_1_140' title='bbox 1275 2433 1375 2485; x_wconf 90' lang='lat' dir='ltr'>nunc</span> <span class='ocrx_word' id='word_1_141' title='bbox 1407 2414 1536 2485; x_wconf 91' lang='lat' dir='ltr'>totum</span> <span class='ocrx_word' id='word_1_142' title='bbox 1568 2412 1738 2508; x_wconf 72' lang='lat' dir='ltr'>cooperit</span> 
     </span>
     <span class='ocr_line' id='line_1_15' title="bbox 298 2501 1738 2632; baseline 0.001 -23"><span class='ocrx_word' id='word_1_143' title='bbox 298 2501 538 2631; x_wconf 61' lang='lat' dir='ltr'>aquaffiltem</span> <span class='ocrx_word' id='word_1_144' title='bbox 566 2536 612 2610; x_wconf 91' lang='lat' dir='ltr'>de</span> <span class='ocrx_word' id='word_1_145' title='bbox 632 2535 766 2611; x_wconf 85' lang='lat' dir='ltr'>dextra</span> <span class='ocrx_word' id='word_1_146' title='bbox 785 2539 894 2632; x_wconf 90' lang='lat' dir='ltr'>parte</span> <span class='ocrx_word' id='word_1_147' title='bbox 916 2536 1093 2610; x_wconf 87' lang='lat' dir='ltr'>ecclesiae</span> <span class='ocrx_word' id='word_1_148' title='bbox 1113 2560 1136 2610; x_wconf 89' lang='lat' dir='ltr'>a</span> <span class='ocrx_word' id='word_1_149' title='bbox 1155 2536 1257 2611; x_wconf 87' lang='lat' dir='ltr'>foras</span> <span class='ocrx_word' id='word_1_150' title='bbox 1280 2539 1413 2611; x_wconf 91' lang='lat' dir='ltr'>tamen</span> <span class='ocrx_word' id='word_1_151' title='bbox 1439 2537 1675 2628; x_wconf 78' lang='lat' dir='ltr'>accessimus,</span> <span class='ocrx_word' id='word_1_152' title='bbox 1697 2540 1738 2611; x_wconf 90' lang='lat' dir='ltr'>et</span> 
     </span>
     <span class='ocr_line' id='line_1_16' title="bbox 297 2654 1736 2757; baseline 0.002 -23"><span class='ocrx_word' id='word_1_153' title='bbox 297 2663 445 2735; x_wconf 92' lang='lat' dir='ltr'>ostense</span> <span class='ocrx_word' id='word_1_154' title='bbox 464 2663 556 2734; x_wconf 86' lang='lat' dir='ltr'>sunt</span> <span class='ocrx_word' id='word_1_155' title='bbox 575 2660 683 2734; x_wconf 89' lang='lat' dir='ltr'>nobis</span> <span class='ocrx_word' id='word_1_156' title='bbox 703 2660 791 2735; x_wconf 93' lang='lat' dir='ltr'>inde</span> <span class='ocrx_word' id='word_1_157' title='bbox 810 2685 833 2733; x_wconf 92' lang='lat' dir='ltr'>a</span> <span class='ocrx_word' id='word_1_158' title='bbox 852 2663 985 2735; x_wconf 90' lang='lat' dir='ltr'>contra</span> <span class='ocrx_word' id='word_1_159' title='bbox 1000 2661 1097 2734; x_wconf 84' lang='lat' dir='ltr'>duae</span> <span class='ocrx_word' id='word_1_160' title='bbox 1113 2660 1301 2752; x_wconf 85' lang='lat' dir='ltr'>civitates,</span> <span class='ocrx_word' id='word_1_161' title='bbox 1317 2659 1356 2733; x_wconf 89' lang='lat' dir='ltr'>id</span> <span class='ocrx_word' id='word_1_162' title='bbox 1372 2664 1430 2736; x_wconf 90' lang='lat' dir='ltr'>est</span> <span class='ocrx_word' id='word_1_163' title='bbox 1443 2661 1590 2736; x_wconf 83' lang='lat' dir='ltr'>Esebon</span> <span class='ocrx_word' id='word_1_164' title='bbox 1601 2654 1625 2753; x_wconf 86' lang='lat'>⁴,</span> <span class='ocrx_word' id='word_1_165' title='bbox 1637 2683 1736 2757; x_wconf 86' lang='lat' dir='ltr'>quae</span> 
     </span>
     <span class='ocr_line' id='line_1_17' title="bbox 296 2785 1731 2883; baseline 0.001 -23"><span class='ocrx_word' id='word_1_166' title='bbox 296 2785 370 2860; x_wconf 86' lang='lat' dir='ltr'>fuit</span> <span class='ocrx_word' id='word_1_167' title='bbox 397 2787 496 2882; x_wconf 87' lang='lat' dir='ltr'>regis</span> <span class='ocrx_word' id='word_1_168' title='bbox 524 2785 622 2860; x_wconf 86' lang='lat' dir='ltr'>Seon</span> <span class='ocrx_word' id='word_1_169' title='bbox 650 2786 754 2881; x_wconf 86' lang='lat' dir='ltr'>regis</span> <span class='ocrx_word' id='word_1_170' title='bbox 768 2785 1052 2877; x_wconf 85' lang='lat' dir='ltr'>Amorreorum,</span> <span class='ocrx_word' id='word_1_171' title='bbox 1073 2809 1171 2882; x_wconf 89' lang='lat' dir='ltr'>quae</span> <span class='ocrx_word' id='word_1_172' title='bbox 1191 2810 1290 2862; x_wconf 90' lang='lat' dir='ltr'>nuuc</span> <span class='ocrx_word' id='word_1_173' title='bbox 1310 2787 1525 2883; x_wconf 90' lang='lat' dir='ltr'>appellatur</span> <span class='ocrx_word' id='word_1_174' title='bbox 1554 2787 1731 2862; x_wconf 71' lang='lat' dir='ltr'>lixebon:</span> 
     </span>
    </p>
   </div>
   <div class='ocr_carea' id='block_1_4' title="bbox 296 3065 1743 5420">
    <p class='ocr_par' dir='ltr' id='par_1_4' title="bbox 296 3065 1743 4121">
     <span class='ocr_line' id='line_1_18' title="bbox 297 3065 1740 3148; baseline -0.001 -20"><span class='ocrx_word' id='word_1_175' title='bbox 297 3066 470 3130; x_wconf 79' lang='lat' dir='ltr'>doctissimi</span> <span class='ocrx_word' id='word_1_176' title='bbox 488 3067 625 3147; x_wconf 79' lang='lat' dir='ltr'>(Voyopc</span> <span class='ocrx_word' id='word_1_177' title='bbox 640 3070 660 3127; x_wconf 79' lang='lat' dir='ltr'>b</span> <span class='ocrx_word' id='word_1_178' title='bbox 674 3070 705 3127; x_wconf 88' lang='lat' dir='ltr'>lo</span> <span class='ocrx_word' id='word_1_179' title='bbox 718 3089 783 3128; x_wconf 84' lang='lat' dir='ltr'>mer</span> <span class='ocrx_word' id='word_1_180' title='bbox 796 3076 890 3128; x_wconf 79' lang='lat' dir='ltr'>rrwrtc</span> <span class='ocrx_word' id='word_1_181' title='bbox 904 3087 934 3146; x_wconf 90' lang='lat' dir='ltr'>p.</span> <span class='ocrx_word' id='word_1_182' title='bbox 950 3068 1018 3144; x_wconf 79' lang='lat'>358,</span> <span class='ocrx_word' id='word_1_183' title='bbox 1034 3075 1067 3129; x_wconf 90' lang='lat' dir='ltr'>et</span> <span class='ocrx_word' id='word_1_184' title='bbox 1080 3067 1163 3129; x_wconf 75' lang='grc' dir='ltr'>ΜΠ</span> <span class='ocrx_word' id='word_1_185' title='bbox 1177 3066 1297 3148; x_wconf 74' lang='lat' dir='ltr'>praei),</span> <span class='ocrx_word' id='word_1_186' title='bbox 1312 3067 1364 3145; x_wconf 90' lang='lat' dir='ltr'>qui</span> <span class='ocrx_word' id='word_1_187' title='bbox 1378 3067 1456 3129; x_wconf 87' lang='lat' dir='ltr'>duas</span> <span class='ocrx_word' id='word_1_188' title='bbox 1471 3066 1616 3128; x_wconf 88' lang='lat' dir='ltr'>civitates</span> <span class='ocrx_word' id='word_1_189' title='bbox 1632 3065 1740 3128; x_wconf 86' lang='lat' dir='ltr'>eodem</span> 
     </span>
     <span class='ocr_line' id='line_1_19' title="bbox 296 3163 1741 3243; baseline -0.001 -17"><span class='ocrx_word' id='word_1_190' title='bbox 296 3164 417 3226; x_wconf 85' lang='lat' dir='ltr'>nomine</span> <span class='ocrx_word' id='word_1_191' title='bbox 439 3164 580 3226; x_wconf 71' lang='lat' dir='ltr'>extitisse</span> <span class='ocrx_word' id='word_1_192' title='bbox 602 3165 817 3240; x_wconf 78' lang='lat' dir='ltr'>arbitrabatur,</span> <span class='ocrx_word' id='word_1_193' title='bbox 839 3165 967 3226; x_wconf 83' lang='lat' dir='ltr'>alteram</span> <span class='ocrx_word' id='word_1_194' title='bbox 988 3187 1049 3226; x_wconf 92' lang='lat' dir='ltr'>non</span> <span class='ocrx_word' id='word_1_195' title='bbox 1069 3165 1162 3243; x_wconf 85' lang='lat' dir='ltr'>longe</span> <span class='ocrx_word' id='word_1_196' title='bbox 1194 3166 1232 3225; x_wconf 88' lang='lat' dir='ltr'>ab</span> <span class='ocrx_word' id='word_1_197' title='bbox 1261 3165 1341 3226; x_wconf 90' lang='lat' dir='ltr'>ostio</span> <span class='ocrx_word' id='word_1_198' title='bbox 1370 3163 1521 3242; x_wconf 86' lang='lat' dir='ltr'>Iordanis,</span> <span class='ocrx_word' id='word_1_199' title='bbox 1550 3165 1680 3226; x_wconf 85' lang='lat' dir='ltr'>alteram</span> <span class='ocrx_word' id='word_1_200' title='bbox 1701 3163 1741 3224; x_wconf 85' lang='lat' dir='ltr'>ad</span> 
     </span>
     <span class='ocr_line' id='line_1_20' title="bbox 297 3263 1740 3341; baseline -0.001 -17"><span class='ocrx_word' id='word_1_201' title='bbox 297 3265 390 3325; x_wconf 86' lang='lat' dir='ltr'>maris</span> <span class='ocrx_word' id='word_1_202' title='bbox 412 3263 646 3326; x_wconf 85' lang='lat' dir='ltr'>extremitatem.</span> <span class='ocrx_word' id='word_1_203' title='bbox 666 3264 718 3324; x_wconf 88' lang='lat' dir='ltr'>Ad</span> <span class='ocrx_word' id='word_1_204' title='bbox 739 3264 796 3324; x_wconf 91' lang='lat' dir='ltr'>hoc</span> <span class='ocrx_word' id='word_1_205' title='bbox 817 3263 844 3324; x_wconf 90' lang='lat' dir='ltr'>si</span> <span class='ocrx_word' id='word_1_206' title='bbox 866 3264 991 3325; x_wconf 88' lang='lat' dir='ltr'>tandem</span> <span class='ocrx_word' id='word_1_207' title='bbox 1012 3263 1089 3324; x_wconf 89' lang='lat' dir='ltr'>illud</span> <span class='ocrx_word' id='word_1_208' title='bbox 1110 3263 1255 3324; x_wconf 88' lang='lat' dir='ltr'>accedere</span> <span class='ocrx_word' id='word_1_209' title='bbox 1277 3263 1417 3341; x_wconf 88' lang='lat' dir='ltr'>velimus,</span> <span class='ocrx_word' id='word_1_210' title='bbox 1439 3263 1521 3341; x_wconf 89' lang='lat' dir='ltr'>quod</span> <span class='ocrx_word' id='word_1_211' title='bbox 1543 3265 1581 3322; x_wconf 93' lang='lat' dir='ltr'>D.</span> <span class='ocrx_word' id='word_1_212' title='bbox 1604 3263 1740 3324; x_wconf 80' lang='lat' dir='ltr'>Tristem</span> 
     </span>
     <span class='ocr_line' id='line_1_21' title="bbox 297 3359 1741 3441; baseline -0.001 -19"><span class='ocrx_word' id='word_1_213' title='bbox 297 3381 331 3423; x_wconf 90' lang='lat' dir='ltr'>se</span> <span class='ocrx_word' id='word_1_214' title='bbox 352 3361 506 3441; x_wconf 87' lang='lat' dir='ltr'>reperisse</span> <span class='ocrx_word' id='word_1_215' title='bbox 528 3361 678 3437; x_wconf 87' lang='lat' dir='ltr'>adfirmat,</span> <span class='ocrx_word' id='word_1_216' title='bbox 700 3362 835 3440; x_wconf 84' lang='lat' dir='ltr'>vestigia</span> <span class='ocrx_word' id='word_1_217' title='bbox 856 3363 998 3439; x_wconf 85' lang='lat' dir='ltr'>antiquae</span> <span class='ocrx_word' id='word_1_218' title='bbox 1020 3361 1157 3423; x_wconf 88' lang='lat' dir='ltr'>civitatis</span> <span class='ocrx_word' id='word_1_219' title='bbox 1179 3362 1210 3421; x_wconf 92' lang='lat' dir='ltr'>in</span> <span class='ocrx_word' id='word_1_220' title='bbox 1231 3362 1309 3423; x_wconf 92' lang='lat' dir='ltr'>colle</span> <span class='ocrx_word' id='word_1_221' title='bbox 1331 3363 1369 3422; x_wconf 88' lang='lat' dir='ltr'>ab</span> <span class='ocrx_word' id='word_1_222' title='bbox 1390 3363 1504 3423; x_wconf 84' lang='lat' dir='ltr'>Arabis</span> <span class='ocrx_word' id='word_1_223' title='bbox 1526 3359 1609 3423; x_wconf 90' lang='lat' dir='ltr'>dicto</span> <span class='ocrx_word' id='word_1_224' title='bbox 1633 3364 1741 3422; x_wconf 84' lang='lat' dir='ltr'>Zi’uro</span> 
     </span>
     <span class='ocr_line' id='line_1_22' title="bbox 297 3459 1739 3540; baseline 0 -20"><span class='ocrx_word' id='word_1_225' title='bbox 297 3459 397 3521; x_wconf 90' lang='lat' dir='ltr'>adhuc</span> <span class='ocrx_word' id='word_1_226' title='bbox 414 3480 537 3522; x_wconf 89' lang='lat' dir='ltr'>manere</span> <span class='ocrx_word' id='word_1_227' title='bbox 555 3462 613 3521; x_wconf 89' lang='lat' dir='ltr'>sub</span> <span class='ocrx_word' id='word_1_228' title='bbox 634 3468 735 3522; x_wconf 86' lang='lat' dir='ltr'>monte</span> <span class='ocrx_word' id='word_1_229' title='bbox 754 3461 842 3522; x_wconf 89' lang='lat' dir='ltr'>Nebo</span> <span class='ocrx_word' id='word_1_230' title='bbox 864 3459 1054 3522; x_wconf 88' lang='lat' dir='ltr'>occidentem</span> <span class='ocrx_word' id='word_1_231' title='bbox 1069 3479 1176 3520; x_wconf 87' lang='lat' dir='ltr'>versus</span> <span class='ocrx_word' id='word_1_232' title='bbox 1197 3459 1490 3540; x_wconf 81' lang='lat' dir='ltr'>(Falcucoi,1lmur</span> <span class='ocrx_word' id='word_1_233' title='bbox 1503 3466 1600 3519; x_wconf 81' lang='lat' dir='ltr'>morto</span> <span class='ocrx_word' id='word_1_234' title='bbox 1615 3480 1644 3536; x_wconf 94' lang='lat' dir='ltr'>p.</span> <span class='ocrx_word' id='word_1_235' title='bbox 1657 3460 1739 3540; x_wconf 83' lang='lat'>373),</span> 
     </span>
     <span class='ocr_line' id='line_1_23' title="bbox 297 3555 1741 3640; baseline 0 -22"><span class='ocrx_word' id='word_1_236' title='bbox 297 3558 336 3622; x_wconf 87' lang='lat' dir='ltr'>de</span> <span class='ocrx_word' id='word_1_237' title='bbox 360 3581 394 3621; x_wconf 89' lang='lat' dir='ltr'>re</span> <span class='ocrx_word' id='word_1_238' title='bbox 418 3559 553 3621; x_wconf 87' lang='lat' dir='ltr'>nondum</span> <span class='ocrx_word' id='word_1_239' title='bbox 578 3559 737 3640; x_wconf 85' lang='lat' dir='ltr'>explorata</span> <span class='ocrx_word' id='word_1_240' title='bbox 760 3559 792 3619; x_wconf 93' lang='lat' dir='ltr'>in</span> <span class='ocrx_word' id='word_1_241' title='bbox 813 3558 951 3620; x_wconf 87' lang='lat' dir='ltr'>eamdem</span> <span class='ocrx_word' id='word_1_242' title='bbox 973 3558 1158 3621; x_wconf 86' lang='lat' dir='ltr'>sententiam</span> <span class='ocrx_word' id='word_1_243' title='bbox 1171 3557 1218 3618; x_wconf 85' lang='lat' dir='ltr'>ira</span> <span class='ocrx_word' id='word_1_244' title='bbox 1231 3579 1292 3618; x_wconf 87' lang='lat' dir='ltr'>non</span> <span class='ocrx_word' id='word_1_245' title='bbox 1305 3560 1462 3619; x_wconf 83' lang='lat' dir='ltr'>recusabo.</span> <span class='ocrx_word' id='word_1_246' title='bbox 1486 3555 1593 3629; x_wconf 81' lang='lat' dir='ltr'>Quid?</span> <span class='ocrx_word' id='word_1_247' title='bbox 1615 3557 1741 3618; x_wconf 77' lang='lat' dir='ltr'>Testem</span> 
     </span>
     <span class='ocr_line' id='line_1_24' title="bbox 296 3656 1740 3738; baseline -0.002 -17"><span class='ocrx_word' id='word_1_248' title='bbox 296 3662 444 3722; x_wconf 86' lang='lat' dir='ltr'>habemus</span> <span class='ocrx_word' id='word_1_249' title='bbox 464 3659 654 3721; x_wconf 82' lang='lat' dir='ltr'>Antoninum</span> <span class='ocrx_word' id='word_1_250' title='bbox 675 3680 714 3719; x_wconf 93' lang='lat' dir='ltr'>m.</span> <span class='ocrx_word' id='word_1_251' title='bbox 736 3659 789 3736; x_wconf 91' lang='lat' dir='ltr'>qui</span> <span class='ocrx_word' id='word_1_252' title='bbox 808 3680 869 3720; x_wconf 91' lang='lat' dir='ltr'>non</span> <span class='ocrx_word' id='word_1_253' title='bbox 889 3659 982 3738; x_wconf 81' lang='lat' dir='ltr'>longe</span> <span class='ocrx_word' id='word_1_254' title='bbox 1004 3679 1021 3718; x_wconf 90' lang='lat' dir='ltr'>a</span> <span class='ocrx_word' id='word_1_255' title='bbox 1042 3659 1129 3720; x_wconf 91' lang='lat' dir='ltr'>Nebo</span> <span class='ocrx_word' id='word_1_256' title='bbox 1151 3678 1208 3719; x_wconf 88' lang='lat' dir='ltr'>nos</span> <span class='ocrx_word' id='word_1_257' title='bbox 1224 3658 1316 3720; x_wconf 90' lang='lat' dir='ltr'>docet</span> <span class='ocrx_word' id='word_1_258' title='bbox 1336 3656 1435 3718; x_wconf 80' lang='lat' dir='ltr'>fuisse</span> <span class='ocrx_word' id='word_1_259' title='bbox 1457 3657 1555 3734; x_wconf 82' lang='lat' dir='ltr'>Segor</span> <span class='ocrx_word' id='word_1_260' title='bbox 1576 3657 1653 3736; x_wconf 86' lang='lat' dir='ltr'>(cap.</span> <span class='ocrx_word' id='word_1_261' title='bbox 1676 3658 1740 3737; x_wconf 88' lang='lat' dir='ltr'>X):</span> 
     </span>
     <span class='ocr_line' id='line_1_25' title="bbox 300 3757 1743 3838; baseline -0.001 -19"><span class='ocrx_word' id='word_1_262' title='bbox 300 3763 375 3822; x_wconf 80' lang='lat' dir='ltr'>«De</span> <span class='ocrx_word' id='word_1_263' title='bbox 396 3761 528 3822; x_wconf 84' lang='lat' dir='ltr'>Iordane</span> <span class='ocrx_word' id='word_1_264' title='bbox 549 3780 646 3838; x_wconf 91' lang='lat' dir='ltr'>usque</span> <span class='ocrx_word' id='word_1_265' title='bbox 668 3759 707 3820; x_wconf 88' lang='lat' dir='ltr'>ad</span> <span class='ocrx_word' id='word_1_266' title='bbox 728 3759 828 3820; x_wconf 89' lang='lat' dir='ltr'>locum</span> <span class='ocrx_word' id='word_1_267' title='bbox 848 3759 944 3836; x_wconf 90' lang='lat' dir='ltr'>illum,</span> <span class='ocrx_word' id='word_1_268' title='bbox 959 3759 991 3819; x_wconf 93' lang='lat' dir='ltr'>in</span> <span class='ocrx_word' id='word_1_269' title='bbox 1011 3779 1071 3836; x_wconf 88' lang='lat' dir='ltr'>quo</span> <span class='ocrx_word' id='word_1_270' title='bbox 1087 3759 1219 3836; x_wconf 80' lang='lat' dir='ltr'>Moyses</span> <span class='ocrx_word' id='word_1_271' title='bbox 1234 3758 1273 3820; x_wconf 88' lang='lat' dir='ltr'>de</span> <span class='ocrx_word' id='word_1_272' title='bbox 1289 3777 1414 3836; x_wconf 89' lang='lat' dir='ltr'>corpore</span> <span class='ocrx_word' id='word_1_273' title='bbox 1436 3757 1541 3835; x_wconf 84' lang='lat' dir='ltr'>exivit,</span> <span class='ocrx_word' id='word_1_274' title='bbox 1564 3765 1637 3818; x_wconf 91' lang='lat' dir='ltr'>sunt</span> <span class='ocrx_word' id='word_1_275' title='bbox 1657 3758 1743 3818; x_wconf 90' lang='lat' dir='ltr'>milia</span> 
     </span>
     <span class='ocr_line' id='line_1_26' title="bbox 298 3857 1741 3938; baseline -0.003 -16"><span class='ocrx_word' id='word_1_276' title='bbox 298 3869 375 3938; x_wconf 82' lang='lat' dir='ltr'>octo,</span> <span class='ocrx_word' id='word_1_277' title='bbox 398 3867 430 3921; x_wconf 91' lang='lat' dir='ltr'>et</span> <span class='ocrx_word' id='word_1_278' title='bbox 451 3859 560 3921; x_wconf 83' lang='lat' dir='ltr'>exinde</span> <span class='ocrx_word' id='word_1_279' title='bbox 581 3879 641 3920; x_wconf 92' lang='lat' dir='ltr'>non</span> <span class='ocrx_word' id='word_1_280' title='bbox 662 3859 791 3932; x_wconf 83' lang='lat' dir='ltr'>multum</span> <span class='ocrx_word' id='word_1_281' title='bbox 805 3859 895 3936; x_wconf 86' lang='lat' dir='ltr'>longe</span> <span class='ocrx_word' id='word_1_282' title='bbox 911 3858 950 3919; x_wconf 87' lang='lat' dir='ltr'>ad</span> <span class='ocrx_word' id='word_1_283' title='bbox 965 3857 1070 3936; x_wconf 81' lang='lat' dir='ltr'>Segor,</span> <span class='ocrx_word' id='word_1_284' title='bbox 1090 3858 1123 3918; x_wconf 89' lang='lat' dir='ltr'>in</span> <span class='ocrx_word' id='word_1_285' title='bbox 1140 3859 1251 3935; x_wconf 89' lang='lat' dir='ltr'>quibus</span> <span class='ocrx_word' id='word_1_286' title='bbox 1266 3858 1343 3919; x_wconf 88' lang='lat' dir='ltr'>locis</span> <span class='ocrx_word' id='word_1_287' title='bbox 1357 3865 1430 3919; x_wconf 89' lang='lat' dir='ltr'>sunt</span> <span class='ocrx_word' id='word_1_288' title='bbox 1444 3857 1535 3918; x_wconf 89' lang='lat' dir='ltr'>multi</span> <span class='ocrx_word' id='word_1_289' title='bbox 1555 3857 1702 3918; x_wconf 84' lang='lat' dir='ltr'>eremitae</span> <span class='ocrx_word' id='word_1_290' title='bbox 1715 3883 1741 3918; x_wconf 85' lang='lat'>».</span> 
     </span>
     <span class='ocr_line' id='line_1_27' title="bbox 297 3957 1742 4039; baseline -0.003 -16"><span class='ocrx_word' id='word_1_291' title='bbox 297 3963 383 4023; x_wconf 85' lang='lat' dir='ltr'>Haec</span> <span class='ocrx_word' id='word_1_292' title='bbox 404 3959 528 4039; x_wconf 87' lang='lat' dir='ltr'>quidem</span> <span class='ocrx_word' id='word_1_293' title='bbox 549 3959 651 4020; x_wconf 84' lang='lat' dir='ltr'>omnia</span> <span class='ocrx_word' id='word_1_294' title='bbox 672 3958 841 4033; x_wconf 89' lang='lat' dir='ltr'>coniurant,</span> <span class='ocrx_word' id='word_1_295' title='bbox 856 3964 892 4018; x_wconf 91' lang='lat' dir='ltr'>ut</span> <span class='ocrx_word' id='word_1_296' title='bbox 911 3979 967 4019; x_wconf 91' lang='lat' dir='ltr'>nos</span> <span class='ocrx_word' id='word_1_297' title='bbox 983 3957 1022 4018; x_wconf 88' lang='lat' dir='ltr'>ad</span> <span class='ocrx_word' id='word_1_298' title='bbox 1037 3958 1170 4019; x_wconf 87' lang='lat' dir='ltr'>Zoaram</span> <span class='ocrx_word' id='word_1_299' title='bbox 1185 3957 1394 4018; x_wconf 86' lang='lat' dir='ltr'>collocandam</span> <span class='ocrx_word' id='word_1_300' title='bbox 1412 3957 1443 4017; x_wconf 93' lang='lat' dir='ltr'>in</span> <span class='ocrx_word' id='word_1_301' title='bbox 1459 3957 1615 4037; x_wconf 88' lang='lat' dir='ltr'>superiore</span> <span class='ocrx_word' id='word_1_302' title='bbox 1637 3958 1742 4019; x_wconf 89' lang='lat' dir='ltr'>littore</span> 
     </span>
     <span class='ocr_line' id='line_1_28' title="bbox 296 4055 902 4121; baseline -0.007 0"><span class='ocrx_word' id='word_1_303' title='bbox 296 4059 438 4121; x_wconf 84' lang='lat' dir='ltr'>orientali</span> <span class='ocrx_word' id='word_1_304' title='bbox 458 4058 553 4120; x_wconf 86' lang='lat' dir='ltr'>maris</span> <span class='ocrx_word' id='word_1_305' title='bbox 573 4057 686 4119; x_wconf 86' lang='lat' dir='ltr'>mortui</span> <span class='ocrx_word' id='word_1_306' title='bbox 708 4055 902 4118; x_wconf 84' lang='lat' dir='ltr'>adducamur.</span> 
     </span>
    </p>

    <p class='ocr_par' dir='ltr' id='par_1_5' title="bbox 296 4155 1741 4730">
     <span class='ocr_line' id='line_1_29' title="bbox 379 4155 1738 4236; baseline 0 -18"><span class='ocrx_word' id='word_1_307' title='bbox 379 4157 523 4218; x_wconf 85' lang='lat' dir='ltr'>¹Ruinas</span> <span class='ocrx_word' id='word_1_308' title='bbox 544 4157 712 4218; x_wconf 82' lang='lat' dir='ltr'>subversae</span> <span class='ocrx_word' id='word_1_309' title='bbox 733 4156 907 4236; x_wconf 85' lang='lat' dir='ltr'>pentapolis</span> <span class='ocrx_word' id='word_1_310' title='bbox 929 4156 983 4216; x_wconf 85' lang='lat' dir='ltr'>alii</span> <span class='ocrx_word' id='word_1_311' title='bbox 1005 4155 1099 4218; x_wconf 87' lang='lat' dir='ltr'>etiam</span> <span class='ocrx_word' id='word_1_312' title='bbox 1120 4166 1262 4218; x_wconf 86' lang='lat' dir='ltr'>auctores</span> <span class='ocrx_word' id='word_1_313' title='bbox 1284 4163 1462 4234; x_wconf 86' lang='lat' dir='ltr'>memorant,</span> <span class='ocrx_word' id='word_1_314' title='bbox 1476 4157 1587 4234; x_wconf 89' lang='lat' dir='ltr'>quibus</span> <span class='ocrx_word' id='word_1_315' title='bbox 1602 4157 1738 4220; x_wconf 85' lang='lat' dir='ltr'>adimen-</span> 
     </span>
     <span class='ocr_line' id='line_1_30' title="bbox 298 4255 1741 4338; baseline -0.001 -18"><span class='ocrx_word' id='word_1_316' title='bbox 298 4259 354 4320; x_wconf 87' lang='lat' dir='ltr'>dae</span> <span class='ocrx_word' id='word_1_317' title='bbox 374 4257 449 4318; x_wconf 87' lang='lat' dir='ltr'>fidci</span> <span class='ocrx_word' id='word_1_318' title='bbox 469 4258 504 4316; x_wconf 89' lang='lat' dir='ltr'>Il.</span> <span class='ocrx_word' id='word_1_319' title='bbox 526 4256 705 4318; x_wconf 81' lang='lat' dir='ltr'>Falcuooius</span> <span class='ocrx_word' id='word_1_320' title='bbox 727 4255 863 4334; x_wconf 90' lang='lat' dir='ltr'>apprime</span> <span class='ocrx_word' id='word_1_321' title='bbox 885 4256 1006 4318; x_wconf 88' lang='lat' dir='ltr'>studuit</span> <span class='ocrx_word' id='word_1_322' title='bbox 1027 4258 1067 4338; x_wconf 88' lang='lat' dir='ltr'>(o.</span> <span class='ocrx_word' id='word_1_323' title='bbox 1087 4277 1112 4317; x_wconf 92' lang='lat' dir='ltr'>c.</span> <span class='ocrx_word' id='word_1_324' title='bbox 1126 4278 1156 4335; x_wconf 93' lang='lat' dir='ltr'>p.</span> <span class='ocrx_word' id='word_1_325' title='bbox 1172 4257 1231 4317; x_wconf 81' lang='lat'>375</span> <span class='ocrx_word' id='word_1_326' title='bbox 1253 4265 1285 4318; x_wconf 90' lang='lat' dir='ltr'>et</span> <span class='ocrx_word' id='word_1_327' title='bbox 1299 4257 1408 4336; x_wconf 88' lang='lat' dir='ltr'>seqq.).</span> <span class='ocrx_word' id='word_1_328' title='bbox 1425 4255 1539 4318; x_wconf 79' lang='lat' dir='ltr'>Confer</span> <span class='ocrx_word' id='word_1_329' title='bbox 1559 4257 1741 4318; x_wconf 85' lang='lat' dir='ltr'>Strabonem</span> 
     </span>
     <span class='ocr_line' id='line_1_31' title="bbox 296 4346 1737 4444; baseline -0.002 -27"><span class='ocrx_word' id='word_1_330' title='bbox 296 4356 318 4418; x_wconf 93' lang='lat' dir='ltr'>l.</span> <span class='ocrx_word' id='word_1_331' title='bbox 339 4355 428 4430; x_wconf 90' lang='lat' dir='ltr'>XVI,</span> <span class='ocrx_word' id='word_1_332' title='bbox 449 4375 479 4432; x_wconf 90' lang='lat' dir='ltr'>p.</span> <span class='ocrx_word' id='word_1_333' title='bbox 502 4355 575 4414; x_wconf 79' lang='lat'>764:</span> <span class='ocrx_word' id='word_1_334' title='bbox 600 4356 772 4420; x_wconf 69' lang='grc' dir='ltr'><strong>«κατοικία</strong></span> <span class='ocrx_word' id='word_1_335' title='bbox 797 4346 830 4420; x_wconf 72' lang='grc' dir='ltr'>δὲ</span> <span class='ocrx_word' id='word_1_336' title='bbox 854 4357 1129 4444; x_wconf 74' lang='grc' dir='ltr'><strong>ἀνατετραμμένας</strong></span> <span class='ocrx_word' id='word_1_337' title='bbox 1154 4347 1304 4444; x_wconf 68' lang='grc' dir='ltr'>σποράδεν</span> <span class='ocrx_word' id='word_1_338' title='bbox 1319 4376 1345 4414; x_wconf 81' lang='lat'>».</span> <span class='ocrx_word' id='word_1_339' title='bbox 1368 4354 1429 4415; x_wconf 89' lang='lat' dir='ltr'>Ios.</span> <span class='ocrx_word' id='word_1_340' title='bbox 1452 4353 1499 4414; x_wconf 62' lang='lat' dir='ltr'>Ill.</span> <span class='ocrx_word' id='word_1_341' title='bbox 1521 4354 1600 4414; x_wconf 83' lang='lat' dir='ltr'>Bell,</span> <span class='ocrx_word' id='word_1_342' title='bbox 1615 4353 1684 4416; x_wconf 87' lang='lat' dir='ltr'>Iud.</span> <span class='ocrx_word' id='word_1_343' title='bbox 1700 4354 1737 4431; x_wconf 90' lang='lat' dir='ltr'>V,</span> 
     </span>
     <span class='ocr_line' id='line_1_32' title="bbox 298 4443 1739 4542; baseline -0.003 -26"><span class='ocrx_word' id='word_1_344' title='bbox 298 4477 323 4516; x_wconf 89' lang='lat' dir='ltr'>c.</span> <span class='ocrx_word' id='word_1_345' title='bbox 346 4453 380 4514; x_wconf 81' lang='lat'>5:</span> <span class='ocrx_word' id='word_1_346' title='bbox 404 4456 524 4518; x_wconf 76' lang='grc' dir='ltr'><strong>«πέντε</strong></span> <span class='ocrx_word' id='word_1_347' title='bbox 549 4453 603 4542; x_wconf 80' lang='grc' dir='ltr'>μὲν</span> <span class='ocrx_word' id='word_1_348' title='bbox 627 4455 748 4518; x_wconf 77' lang='grc' dir='ltr'>πόλεων</span> <span class='ocrx_word' id='word_1_349' title='bbox 775 4443 847 4518; x_wconf 71' lang='lat' dir='ltr'>idcir</span> <span class='ocrx_word' id='word_1_350' title='bbox 873 4453 1003 4528; x_wconf 79' lang='grc' dir='ltr'><strong>σκιάς».</strong></span> <span class='ocrx_word' id='word_1_351' title='bbox 1025 4451 1123 4512; x_wconf 76' lang='lat' dir='ltr'>Tacit.</span> <span class='ocrx_word' id='word_1_352' title='bbox 1137 4451 1221 4514; x_wconf 90' lang='lat' dir='ltr'>Hist.</span> <span class='ocrx_word' id='word_1_353' title='bbox 1237 4451 1275 4528; x_wconf 89' lang='lat' dir='ltr'>V,</span> <span class='ocrx_word' id='word_1_354' title='bbox 1291 4470 1316 4513; x_wconf 90' lang='lat' dir='ltr'>c.</span> <span class='ocrx_word' id='word_1_355' title='bbox 1333 4453 1365 4514; x_wconf 78' lang='lat'>7:</span> <span class='ocrx_word' id='word_1_356' title='bbox 1382 4451 1527 4532; x_wconf 76' lang='lat' dir='ltr'>«Campi,</span> <span class='ocrx_word' id='word_1_357' title='bbox 1543 4451 1739 4530; x_wconf 80' lang='lat' dir='ltr'>quesierunt</span> 
     </span>
     <span class='ocr_line' id='line_1_33' title="bbox 298 4550 1739 4630; baseline 0 -16"><span class='ocrx_word' id='word_1_358' title='bbox 298 4553 371 4614; x_wconf 91' lang='lat' dir='ltr'>olim</span> <span class='ocrx_word' id='word_1_359' title='bbox 390 4553 512 4626; x_wconf 88' lang='lat' dir='ltr'>uberes,</span> <span class='ocrx_word' id='word_1_360' title='bbox 533 4552 713 4630; x_wconf 84' lang='lat' dir='ltr'>magnisque</span> <span class='ocrx_word' id='word_1_361' title='bbox 733 4551 860 4613; x_wconf 88' lang='lat' dir='ltr'>urbibus</span> <span class='ocrx_word' id='word_1_362' title='bbox 881 4550 1045 4626; x_wconf 83' lang='lat' dir='ltr'>habitatos,</span> <span class='ocrx_word' id='word_1_363' title='bbox 1066 4550 1227 4612; x_wconf 83' lang='lat' dir='ltr'>fulminum</span> <span class='ocrx_word' id='word_1_364' title='bbox 1248 4551 1331 4614; x_wconf 88' lang='lat' dir='ltr'>iactu</span> <span class='ocrx_word' id='word_1_365' title='bbox 1346 4551 1471 4627; x_wconf 86' lang='lat' dir='ltr'>arsisse,</span> <span class='ocrx_word' id='word_1_366' title='bbox 1494 4558 1525 4613; x_wconf 89' lang='lat' dir='ltr'>et</span> <span class='ocrx_word' id='word_1_367' title='bbox 1547 4571 1669 4613; x_wconf 88' lang='lat' dir='ltr'>manere</span> <span class='ocrx_word' id='word_1_368' title='bbox 1690 4571 1739 4614; x_wconf 77' lang='lat' dir='ltr'>ve</span> 
     </span>
     <span class='ocr_line' id='line_1_34' title="bbox 299 4651 432 4730; baseline -0.03 -17"><span class='ocrx_word' id='word_1_369' title='bbox 299 4651 432 4730; x_wconf 77' lang='lat' dir='ltr'>stigio».</span> 
     </span>
    </p>

    <p class='ocr_par' dir='ltr' id='par_1_6' title="bbox 378 4747 696 4827">
     <span class='ocr_line' id='line_1_35' title="bbox 378 4747 696 4827; baseline -0.006 -17"><span class='ocrx_word' id='word_1_370' title='bbox 378 4747 479 4810; x_wconf 73' lang='grc' dir='ltr'>2Οοᾶ.</span> <span class='ocrx_word' id='word_1_371' title='bbox 501 4768 560 4826; x_wconf 90' lang='lat' dir='ltr'>quo</span> <span class='ocrx_word' id='word_1_372' title='bbox 581 4755 696 4827; x_wconf 85' lang='lat' dir='ltr'>operta.</span> 
     </span>
    </p>

    <p class='ocr_par' dir='ltr' id='par_1_7' title="bbox 298 4845 1740 5125">
     <span class='ocr_line' id='line_1_36' title="bbox 378 4845 1738 4926; baseline -0.001 -17"><span class='ocrx_word' id='word_1_373' title='bbox 378 4847 390 4884; x_wconf 82' lang='lat'>³</span> <span class='ocrx_word' id='word_1_374' title='bbox 403 4847 473 4909; x_wconf 90' lang='lat' dir='ltr'>Non</span> <span class='ocrx_word' id='word_1_375' title='bbox 493 4847 622 4909; x_wconf 88' lang='lat' dir='ltr'>fortuito</span> <span class='ocrx_word' id='word_1_376' title='bbox 638 4847 816 4926; x_wconf 88' lang='lat' dir='ltr'>episcopum</span> <span class='ocrx_word' id='word_1_377' title='bbox 830 4845 927 4925; x_wconf 83' lang='lat' dir='ltr'>Segor</span> <span class='ocrx_word' id='word_1_378' title='bbox 940 4845 984 4906; x_wconf 93' lang='lat' dir='ltr'>ibi</span> <span class='ocrx_word' id='word_1_379' title='bbox 999 4845 1110 4908; x_wconf 88' lang='lat' dir='ltr'>adesse</span> <span class='ocrx_word' id='word_1_380' title='bbox 1124 4851 1208 4925; x_wconf 91' lang='lat' dir='ltr'>puto,</span> <span class='ocrx_word' id='word_1_381' title='bbox 1227 4845 1282 4909; x_wconf 84' lang='lat' dir='ltr'>sed</span> <span class='ocrx_word' id='word_1_382' title='bbox 1297 4856 1433 4909; x_wconf 90' lang='lat' dir='ltr'>montem</span> <span class='ocrx_word' id='word_1_383' title='bbox 1446 4847 1534 4909; x_wconf 89' lang='lat' dir='ltr'>Nebo</span> <span class='ocrx_word' id='word_1_384' title='bbox 1550 4845 1738 4922; x_wconf 88' lang='lat' dir='ltr'>ascendisse,</span> 
     </span>
     <span class='ocr_line' id='line_1_37' title="bbox 298 4945 1740 5024; baseline 0 -18"><span class='ocrx_word' id='word_1_385' title='bbox 298 4955 334 5007; x_wconf 91' lang='lat' dir='ltr'>ut</span> <span class='ocrx_word' id='word_1_386' title='bbox 354 4955 491 5008; x_wconf 88' lang='lat' dir='ltr'>nostram</span> <span class='ocrx_word' id='word_1_387' title='bbox 512 4946 658 5007; x_wconf 86' lang='lat' dir='ltr'>feminam</span> <span class='ocrx_word' id='word_1_388' title='bbox 673 4946 881 5008; x_wconf 86' lang='lat' dir='ltr'>venerabilem</span> <span class='ocrx_word' id='word_1_389' title='bbox 894 4945 1012 5007; x_wconf 86' lang='lat' dir='ltr'>viseret</span> <span class='ocrx_word' id='word_1_390' title='bbox 1027 4951 1059 5006; x_wconf 92' lang='lat' dir='ltr'>et</span> <span class='ocrx_word' id='word_1_391' title='bbox 1073 4945 1240 5006; x_wconf 82' lang='lat' dir='ltr'>salutaret:</span> <span class='ocrx_word' id='word_1_392' title='bbox 1255 4966 1314 5024; x_wconf 87' lang='lat' dir='ltr'>qua</span> <span class='ocrx_word' id='word_1_393' title='bbox 1337 4945 1376 5007; x_wconf 87' lang='lat' dir='ltr'>de</span> <span class='ocrx_word' id='word_1_394' title='bbox 1400 4966 1435 5008; x_wconf 89' lang='lat' dir='ltr'>re</span> <span class='ocrx_word' id='word_1_395' title='bbox 1455 4946 1625 5008; x_wconf 89' lang='lat' dir='ltr'>modestiae</span> <span class='ocrx_word' id='word_1_396' title='bbox 1647 4965 1740 5006; x_wconf 86' lang='lat' dir='ltr'>causa</span> 
     </span>
     <span class='ocr_line' id='line_1_38' title="bbox 298 5045 1048 5125; baseline -0.003 -19"><span class='ocrx_word' id='word_1_397' title='bbox 298 5045 455 5107; x_wconf 85' lang='lat' dir='ltr'>silentium</span> <span class='ocrx_word' id='word_1_398' title='bbox 475 5045 544 5125; x_wconf 88' lang='lat' dir='ltr'>ipsa</span> <span class='ocrx_word' id='word_1_399' title='bbox 565 5045 674 5106; x_wconf 91' lang='lat' dir='ltr'>tenuit.</span> <span class='ocrx_word' id='word_1_400' title='bbox 1045 5109 1048 5114; x_wconf 56' lang='grc'>,</span> 
     </span>
    </p>

    <p class='ocr_par' dir='ltr' id='par_1_8' title="bbox 298 5143 1739 5420">
     <span class='ocr_line' id='line_1_39' title="bbox 379 5143 1737 5224; baseline -0.001 -20"><span class='ocrx_word' id='word_1_401' title='bbox 379 5146 528 5206; x_wconf 78' lang='lat' dir='ltr'>*Esebon</span> <span class='ocrx_word' id='word_1_402' title='bbox 548 5145 623 5206; x_wconf 87' lang='lat' dir='ltr'>urbs</span> <span class='ocrx_word' id='word_1_403' title='bbox 645 5144 747 5205; x_wconf 86' lang='lat' dir='ltr'>Sehon</span> <span class='ocrx_word' id='word_1_404' title='bbox 767 5143 852 5222; x_wconf 85' lang='lat' dir='ltr'>regis</span> <span class='ocrx_word' id='word_1_405' title='bbox 872 5143 1130 5205; x_wconf 86' lang='lat' dir='ltr'>Amorrhaeorum</span> <span class='ocrx_word' id='word_1_406' title='bbox 1152 5144 1254 5224; x_wconf 88' lang='lat' dir='ltr'>(Num.</span> <span class='ocrx_word' id='word_1_407' title='bbox 1276 5144 1420 5220; x_wconf 89' lang='lat' dir='ltr'>XXXII,</span> <span class='ocrx_word' id='word_1_408' title='bbox 1442 5145 1497 5220; x_wconf 73' lang='lat'>37,</span> <span class='ocrx_word' id='word_1_409' title='bbox 1519 5144 1610 5204; x_wconf 87' lang='lat' dir='ltr'>Dent.</span> <span class='ocrx_word' id='word_1_410' title='bbox 1623 5143 1666 5220; x_wconf 88' lang='lat' dir='ltr'>H,</span> <span class='ocrx_word' id='word_1_411' title='bbox 1688 5143 1737 5218; x_wconf 83' lang='lat'>26,</span> 
     </span>
     <span class='ocr_line' id='line_1_40' title="bbox 299 5243 1739 5324; baseline 0 -19"><span class='ocrx_word' id='word_1_412' title='bbox 299 5245 347 5321; x_wconf 79' lang='lat'>30,</span> <span class='ocrx_word' id='word_1_413' title='bbox 363 5245 414 5324; x_wconf 84' lang='lat'>32)</span> <span class='ocrx_word' id='word_1_414' title='bbox 430 5245 523 5306; x_wconf 89' lang='lat' dir='ltr'>hodie</span> <span class='ocrx_word' id='word_1_415' title='bbox 538 5247 684 5304; x_wconf 84' lang='lat' dir='ltr'>Hosbou:</span> <span class='ocrx_word' id='word_1_416' title='bbox 700 5243 840 5304; x_wconf 83' lang='lat' dir='ltr'>distabat</span> <span class='ocrx_word' id='word_1_417' title='bbox 854 5265 872 5303; x_wconf 90' lang='lat' dir='ltr'>a</span> <span class='ocrx_word' id='word_1_418' title='bbox 886 5243 1016 5305; x_wconf 87' lang='lat' dir='ltr'>Iordane</span> <span class='ocrx_word' id='word_1_419' title='bbox 1031 5243 1128 5303; x_wconf 89' lang='lat' dir='ltr'>millia</span> <span class='ocrx_word' id='word_1_420' title='bbox 1141 5243 1263 5322; x_wconf 83' lang='lat' dir='ltr'>viginti,</span> <span class='ocrx_word' id='word_1_421' title='bbox 1279 5264 1296 5303; x_wconf 96' lang='lat' dir='ltr'>e</span> <span class='ocrx_word' id='word_1_422' title='bbox 1312 5251 1414 5305; x_wconf 91' lang='lat' dir='ltr'>monte</span> <span class='ocrx_word' id='word_1_423' title='bbox 1432 5245 1520 5306; x_wconf 89' lang='lat' dir='ltr'>Nebo</span> <span class='ocrx_word' id='word_1_424' title='bbox 1535 5251 1653 5305; x_wconf 85' lang='lat' dir='ltr'>tantum</span> <span class='ocrx_word' id='word_1_425' title='bbox 1676 5265 1739 5305; x_wconf 87' lang='lat' dir='ltr'>sex.</span> 
     </span>
     <span class='ocr_line' id='line_1_41' title="bbox 298 5339 1739 5420; baseline -0.001 -18"><span class='ocrx_word' id='word_1_426' title='bbox 298 5341 360 5402; x_wconf 86' lang='lat' dir='ltr'>Illa</span> <span class='ocrx_word' id='word_1_427' title='bbox 380 5343 476 5402; x_wconf 88' lang='lat' dir='ltr'>verba</span> <span class='ocrx_word' id='word_1_428' title='bbox 498 5362 602 5419; x_wconf 85' lang='lat' dir='ltr'>«quae</span> <span class='ocrx_word' id='word_1_429' title='bbox 623 5362 702 5402; x_wconf 91' lang='lat' dir='ltr'>nuuc</span> <span class='ocrx_word' id='word_1_430' title='bbox 724 5342 880 5420; x_wconf 88' lang='lat' dir='ltr'>appellata</span> <span class='ocrx_word' id='word_1_431' title='bbox 900 5341 1050 5402; x_wconf 77' lang='lat' dir='ltr'>Erebon»</span> <span class='ocrx_word' id='word_1_432' title='bbox 1074 5340 1217 5401; x_wconf 86' lang='lat' dir='ltr'>videntur</span> <span class='ocrx_word' id='word_1_433' title='bbox 1238 5339 1304 5402; x_wconf 87' lang='lat' dir='ltr'>fere</span> <span class='ocrx_word' id='word_1_434' title='bbox 1326 5363 1364 5403; x_wconf 85' lang='lat' dir='ltr'>ex</span> <span class='ocrx_word' id='word_1_435' title='bbox 1385 5343 1520 5404; x_wconf 82' lang='lat' dir='ltr'>Eusebio</span> <span class='ocrx_word' id='word_1_436' title='bbox 1542 5340 1739 5420; x_wconf 89' lang='lat' dir='ltr'>deprompta:</span> 
     </span>
    </p>
   </div>
   <div class='ocr_carea' id='block_1_5' title="bbox 299 5441 724 5527">
    <p class='ocr_par' dir='ltr' id='par_1_9' title="bbox 299 5441 724 5527">
     <span class='ocr_line' id='line_1_42' title="bbox 299 5441 724 5527; baseline -0.007 -20"><span class='ocrx_word' id='word_1_437' title='bbox 299 5441 318 5514; x_wconf 76' lang='grc' dir='ltr'>ἦ</span> <span class='ocrx_word' id='word_1_438' title='bbox 344 5445 491 5506; x_wconf 75' lang='grc' dir='ltr'>καλεῖται</span> <span class='ocrx_word' id='word_1_439' title='bbox 514 5453 563 5505; x_wconf 76' lang='grc' dir='ltr'>νῦν</span> <span class='ocrx_word' id='word_1_440' title='bbox 589 5445 724 5527; x_wconf 70' lang='grc' dir='ltr'>Ἐσβῡῢς.</span> 
     </span>
    </p>
   </div>
   <div class='ocr_carea' id='block_1_6' title="bbox 0 0 2320 6564">
    <p class='ocr_par' dir='ltr' id='par_1_10' title="bbox 0 0 2320 6564">
     <span class='ocr_line' id='line_1_43' title="bbox 0 0 2320 6564; baseline 0 0"><span class='ocrx_word' id='word_1_441' title='bbox 0 0 2320 6564; x_wconf 95' lang='lat' dir='ltr'> </span> 
     </span>
    </p>
   </div>
  </div>
 </body>
</html>
