4604 6560
628 637 691 711 116
1214 662 1314 706 rurru
1337 661 1475 707 nruoour
1548 709 1551 714 Δ

626 883 826 958 duodecim
854 883 1040 957 columnis
1058 885 1319 958 sustentatur:
1339 883 1442 958 inter
1459 885 1624 980 parietes
1647 884 1816 980 singulos
1843 885 1970 958 latum
1995 885 2059 958 ha·

625 1008 717 1082 bens
745 1007 912 1105 spatium
940 1007 1038 1098 viae,
1068 1029 1165 1102 quae
1183 1007 1260 1081 tria
1280 1008 1419 1081 altaria
1437 1008 1478 1080 in
1496 1009 1620 1082 tribus
1639 1009 1731 1084 locis
1759 1010 1917 1105 parietis
1948 1009 2061 1083 medii

627 1135 811 1224 continet,
836 1133 906 1207 hoc
925 1136 996 1224 est,
1017 1134 1191 1224 australi,
1211 1133 1433 1230 aquilonali,
1454 1136 1494 1208 et
1513 1135 1748 1210 occidentali.
1770 1135 1874 1210 Haec
1892 1134 1950 1208 his
1969 1157 2061 1230 qua·

626 1265 756 1336 ternas
785 1261 916 1354 portas
944 1281 1009 1356 per
1035 1261 1115 1334 tres
1134 1280 1155 1331 e
1174 1258 1328 1355 regione
1346 1260 1511 1355 parietes
1532 1260 1703 1351 habete
1731 1260 1870 1355 quibus
1899 1262 2064 1356 quatuor

627 1387 676 1462 ad
705 1385 943 1476 vulturnum,
972 1388 1013 1459 et
1041 1387 1227 1481 quattuor
1254 1386 1302 1459 ad
1330 1407 1467 1466 eurum
1504 1389 1689 1482 spectant.
1717 1385 1848 1494 Huiusx
1869 1387 1911 1458 in
1939 1384 2060 1460 medio

627 1513 921 1587 monumentum
948 1510 1103 1585 Domini
1130 1510 1340 1584 rotundum
1363 1513 1473 1607 petra
1491 1511 1660 1586 excisum
1680 1515 1749 1601 est,
1779 1511 1887 1586 cuius
1915 1511 2064 1585 culmen

627 1639 858 1712 intrinsecus
884 1639 991 1712 stans
1009 1636 1124 1711 homo
1142 1660 1260 1711 manu
1279 1638 1498 1732 contingere
1518 1640 1667 1733 potest;
1691 1637 1740 1711 ab
1760 1637 1908 1711 oriente
1924 1636 2065 1710 habens

626 1767 843 1855 introitum,
873 1765 934 1838 oui
961 1763 1058 1859 lapis
1086 1764 1151 1839 ille
1180 1785 1340 1858 magnus
1377 1762 1573 1858 adpositus
1602 1766 1674 1854 est,
1702 1763 1805 1858 quod
1837 1763 2064 1838 intrinsecus

626 1892 946 1966 ferramentorum
975 1888 1141 1984 vestigia
1169 1911 1288 1984 usque
1316 1888 1356 1960 in
1383 1910 1562 1983 praesens
1592 1889 1774 1962 ostendit.
1796 1889 1897 1965 Nam
1925 1890 2065 1963 extrin-

627 2039 734 2092 secus
761 2015 950 2110 usquead
969 2013 1145 2089 culminis
1164 2014 1427 2088 summitatum
1446 2017 1575 2088 totum
1598 2038 1788 2090 marmore
1814 2018 1963 2091 tectum
1990 2019 2066 2089 est:

628 2166 820 2217 summum
848 2163 940 2216 vero
959 2141 1110 2216 culmen
1129 2163 1224 2214 auro
1244 2143 1436 2230 ornatum,
1458 2163 1615 2214 auream
1636 2165 1813 2236 magnam
1832 2144 1962 2237 gestet
1984 2163 2064 2214 cru-

629 2291 722 2343 cem.
741 2267 788 2340 In
806 2267 920 2340 huius
940 2289 1029 2363 ergo
1048 2266 1290 2342 monumenti
1310 2265 1520 2361 aquilonali
1535 2267 1643 2361 parte
1659 2266 1900 2361 sepulchrum
1914 2265 2068 2339 Domini

629 2395 671 2467 in
698 2393 831 2468 eadem
859 2394 968 2490 petre
996 2393 1177 2483 excisum,
1196 2392 1448 2490 longitudinis
1467 2396 1614 2489 septem
1633 2392 1784 2500 pedum,
1814 2394 1935 2466 trium
1963 2415 2068 2466 men·

631 2543 721 2594 sura
747 2519 973 2614 palmorum,
998 2518 1219 2613 pavimento
1239 2518 1356 2592 altius
1375 2519 1539 2593 eminet:
1559 2519 1763 2591 introitum
1791 2519 1909 2593 habet
1935 2518 1985 2591 ab
2012 2518 2067 2590 la·

630 2650 714 2720 tere
736 2643 960 2737 meridiano,
979 2645 1046 2718 ubi
1066 2644 1126 2717 die
1146 2646 1338 2739 noctuque
1358 2635 1558 2719 duodecim
1579 2643 1772 2739 lampades
1791 2643 1940 2734 ardent,
1960 2645 2070 2739 quat·

630 2775 721 2846 tuor
740 2771 844 2844 intra
864 2770 1091 2867 sepulcrum,
1112 2772 1197 2845 octo
1217 2770 1258 2843 in
1272 2770 1444 2865 margine
1458 2771 1603 2844 dextro.
1620 2769 1732 2866 Lapis
1747 2769 1814 2864 qui
1833 2769 1883 2842 ad
1901 2770 2070 2842 hostium

632 2894 873 2969 monumenti
900 2895 1047 2990 positus
1067 2896 1162 2984 erat,
1182 2916 1284 2968 nunc
1302 2893 1411 2968 fissus
1431 2897 1502 2986 est,
1522 2895 1630 2968 cuius
1650 2916 1737 2989 pars
1756 2894 1882 2967 minor
1909 2893 2070 2988 quadra-

633 3023 719 3093 tum
747 3019 870 3092 altare
898 3021 988 3094 ante
1014 3018 1184 3094 hostium
1209 3019 1477 3094 nichilominus
1507 3019 1674 3094 eiusdem
1703 3019 1944 3092 monumenti
1972 3020 2070 3092 stat:

636 3143 761 3216 maior
787 3164 877 3217 vero
897 3143 938 3215 in
957 3143 1135 3218 orientali
1154 3143 1323 3218 eiusdem
1343 3144 1525 3218 ecclesiae
1546 3144 1629 3218 loco
1649 3143 1957 3239 quadrangulum
1977 3144 2075 3217 aliut

637 3270 762 3345 altare
791 3268 862 3343 sub
890 3268 1177 3382 linteaminibus
1202 3271 1326 3343 extat.
1350 3269 1461 3344 Oolor
1481 3273 1615 3344 autem
1643 3270 1809 3344 eiusdem
1836 3270 2074 3344 monumenti

636 3399 677 3470 et
703 3395 895 3491 sepulchri
917 3393 1009 3470 'albo
1040 3399 1080 3469 et
1107 3395 1319 3470 rubicundo
1338 3396 1549 3491 permixtus
1568 3417 1650 3470 esse
1669 3397 1834 3470 videtur.
1857 3396 1917 3470 Ad
1946 3396 2073 3471 dexte·

636 3545 719 3596 ram
746 3541 836 3598 vero
864 3524 1014 3618 partem
1040 3521 1129 3596 huic
1165 3521 1344 3597 ecclesiae
1381 3523 1559 3596 cohaeret
1587 3521 1658 3596 Dei
1688 3521 1891 3596 Genitricis
1920 3523 2075 3596 ecclesia

635 3647 910 3744 quadrangula.
939 3646 986 3720 In
1013 3647 1153 3742 platea,
1183 3669 1280 3742 quae
1312 3647 1543 3744 Martyrium
1573 3650 1615 3720 et
1643 3647 1833 3742 Golgotha
1862 3649 2074 3737 continuat,

635 3772 775 3847 exedra
802 3775 872 3863 est,
901 3772 941 3844 in
969 3795 1045 3867 qua
1072 3771 1170 3846 calix
1197 3771 1352 3845 Domini
1381 3772 1518 3846 scrinio
1555 3771 1786 3863 reconditus,
1814 3793 1882 3867 per
1910 3773 2076 3868 operculi

636 3888 808 3971 foramen
835 3897 944 3992 tangi
971 3897 1080 3987 solet,
1109 3901 1150 3972 et
1181 3897 1370 3972 osculari:
1400 3898 1468 3993 qui
1495 3900 1700 3992 argenteus
1737 3897 1834 3972 calix
1864 3897 1959 3972 duas
1987 3897 2075 3972 hinc

637 4025 678 4096 et
704 4022 792 4096 inde
820 4022 973 4096 ansulas
992 4022 1147 4114 habens,
1167 4022 1325 4095 sextarii
1345 4023 1473 4117 gallici
1493 4044 1693 4097 mensuras
1714 4023 1834 4118 capit;
1854 4023 1894 4096 in
1915 4046 1991 4119 quo
2018 4026 2076 4098 est

638 4149 679 4222 et
705 4149 774 4221 illa
800 4149 959 4246 spongia
996 4148 1174 4222 dominici
1201 4149 1315 4243 potus
1352 4148 1540 4220 ministra.
1581 4146 1639 4219 Ibi
1672 4149 1789 4221 etiam
1817 4149 1859 4221 in
1887 4149 2076 4245 Golgotha

639 4273 808 4348 Abraam
835 4274 942 4349 Isaac
960 4273 1082 4346 filium
1102 4296 1215 4347 suum
1234 4273 1388 4347 obtulit.
1410 4271 1558 4347 Lancea
1576 4276 1752 4369 preterea
1772 4274 1907 4348 militis
1933 4275 2077 4350 inserta

638 4399 804 4474 habetur
831 4401 872 4473 in
898 4421 1008 4474 cruce
1035 4399 1163 4495 lignea
1190 4399 1231 4471 in
1258 4398 1408 4492 porticu
1428 4398 1618 4494 Martyrii,
1640 4399 1748 4473 cuius
1776 4401 1888 4476 astile
1915 4401 1956 4474 in
1983 4401 2077 4474 duas

638 4525 1018 4620 partesintercisum
1047 4528 1117 4599 est.

721 4651 782 4742 (B.
810 4673 838 4725 c.
865 4653 947 4742 Ill)
975 4651 1055 4726 Hec
1082 4651 1236 4747 quidem
1263 4653 1396 4726 sancta
1422 4651 1507 4726 loca
1525 4655 1635 4727 extra
1654 4656 1824 4727 montem
1845 4652 1935 4727 Sion
1954 4654 2078 4748 posita

639 4780 741 4868 sunt,
771 4799 847 4873 quo
875 4800 914 4851 se
943 4778 991 4851 ad
1019 4779 1236 4874 aquilonem
1257 4777 1432 4852 deficiens
1452 4777 1526 4851 loci
1544 4780 1676 4852 tumor
1696 4779 1879 4874 porrexit.
1909 4778 1955 4852 In
1983 4778 2092 4874 infe-¹

640 4902 733 4975 riori
759 4923 850 4977 vero
877 4906 987 4999 parte
1005 4904 1111 4977 urbis
1129 4903 1316 4998 templum
1335 4902 1375 4974 in
1392 4903 1520 4978 vicina
1543 4905 1644 4977 muri
1663 4905 1711 4978 ab
1736 4904 1883 4979 oriente
1910 4903 2079 4979 locatum

642 5028 720 5100 est:
749 5047 893 5120 paucae
921 5027 999 5101 illic
1025 5028 1212 5102 cisternae
1239 5030 1342 5102 sunt.
1798 5043 1799 5046 ’
1847 5037 1852 5046 “

723 5150 990 5244 (Peregrinatio)
1019 5151 1241 5248 Sepulcrum
1267 5176 1358 5228 vero
1386 5154 1540 5228 Domini
1556 5145 1579 5245 ¹,
1609 5154 1654 5230 de
1689 5177 1765 5250 quo
1802 5175 1916 5252 supra
1943 5153 2075 5230 retuli·

727 5427 814 5489 ¹‘Hie
844 5428 976 5506 primum
1002 5431 1091 5492 nohis
1116 5452 1178 5492 non
1199 5433 1328 5494 obscure
1349 5453 1384 5494 se
1405 5433 1544 5495 ostendit
1564 5431 1747 5514 Peregrina,
1768 5433 1842 5494 dum
1862 5453 1913 5494 res
1934 5432 2078 5493 hocloco

643 5524 823 5609 descriptas,
845 5547 925 5608 quae
945 5533 1132 5594 vetustatem
1153 5530 1287 5614 sapiunt,
1308 5532 1536 5616 perpendimus,
1558 5539 1591 5592 et
1615 5552 1684 5594 oum
1708 5532 1763 5608 eis,
1792 5530 1924 5612 quaein
1945 5530 2078 5592 arretino
