4604 6560
845 679 1007 772 nu'coors
1030 723 1166 772 sarone
1657 707 1719 776 129

289 942 508 1036 Ierusalem,
537 967 654 1041 quam
680 945 916 1040 expugnavit
941 944 1058 1020 Iesus.
1080 945 1260 1020 Emmaus
1279 949 1421 1038 autem,
1442 945 1507 1020 ubi
1535 947 1731 1022 Dominus.

289 1091 376 1144 cum
404 1069 594 1166 discipulis
621 1069 699 1143 suis
725 1073 812 1164 post
831 1072 1147 1146 resurrectionem
1171 1071 1348 1162 comedit,
1368 1072 1570 1166 sexaginta
1588 1069 1721 1148 stadiis

289 1193 338 1268 ab
353 1192 584 1268 Ierusolimis
600 1192 729 1267 distat.
746 1193 791 1266 In
809 1197 917 1270 turre
935 1198 1067 1270 autem
1085 1195 1204 1270 Gades
1224 1196 1357 1270 domus
1376 1195 1453 1269 fuit
1471 1195 1597 1288 Iacob,
1613 1199 1721 1272 cuius

288 1317 540 1392 fundamenta
559 1340 678 1414 nsque
696 1318 782 1393 odie
801 1322 938 1414 parent
946 1311 971 1394 ¹.
996 1320 1041 1393 ln
1060 1319 1207 1395 Galilea
1227 1323 1358 1396 autem
1382 1324 1443 1395 est
1459 1321 1553 1396 villa
1573 1321 1685 1399 Some
1694 1314 1719 1416 ²,

290 1445 336 1522 de
354 1469 430 1541 qua
447 1445 523 1520 fuit
541 1444 679 1519 Abisac
697 1443 917 1536 Sunamitis,
935 1449 975 1521 et
993 1447 1142 1537 mulier,
1157 1448 1198 1519 in
1216 1447 1323 1521 cuius
1343 1447 1454 1521 domo
1475 1448 1617 1522 mansit
1631 1449 1721 1546 Ely-

288 1591 386 1662 seus,
414 1593 514 1666 quae
541 1570 674 1644 domus
701 1593 822 1667 usque
843 1571 956 1646 hodie
976 1577 1187 1668 permanet.
1206 1572 1241 1646 A
1260 1576 1392 1648 monte
1418 1593 1510 1648 vero
1537 1573 1719 1666 Hermon,

288 1697 354 1794 qui
376 1697 546 1772 excelsus
564 1695 675 1772 valde
693 1699 764 1787 est,
782 1698 906 1771 omnis
925 1697 1072 1772 Galilea
1090 1697 1254 1788 videtur,
1275 1699 1316 1771 in
1334 1698 1471 1793 quibus
1488 1683 1608 1774 nichil
1635 1701 1720 1797 pul·

287 1821 414 1896 ehrius
441 1823 512 1911 est,
539 1842 629 1894 nam
657 1842 743 1894 cum
774 1821 827 1895 sit
861 1819 1041 1917 planities
1077 1822 1243 1917 grandis,
1271 1821 1377 1897 aliud
1413 1822 1530 1898 nichil
1558 1827 1617 1899 est
1644 1825 1719 1899 nisi

286 1947 421 2024 vineae
447 1949 489 2022 et
515 1945 658 2021 oliveta
671 1937 696 2020 ³.
725 1945 784 2020 Ibi
811 1949 942 2021 autem
969 1968 1061 2042 ager
1078 1949 1149 2037 est,
1169 1948 1210 2019 in
1229 1969 1304 2042 quo
1333 1947 1518 2022 Dominus
1546 1971 1632 2023 cum
1660 1948 1719 2022 di-

287 2074 440 2171 scipulis
467 2073 545 2147 snis
572 2072 755 2148 comedit:
775 2072 829 2145 ibi
848 2071 944 2168 lapis
962 2074 1033 2164 est,
1053 2073 1093 2146 in
1113 2093 1189 2168 quo
1208 2072 1380 2147 cubitum
1400 2072 1492 2148 fecit
1519 2072 1718 2166 Dominus,

287 2200 354 2296 qui
379 2221 499 2294 usque
525 2197 637 2272 hodie
664 2197 828 2274 videtur.
857 2196 945 2272 Non
973 2199 1085 2294 louge
1114 2220 1204 2272 vero
1233 2197 1281 2270 ab
1309 2197 1442 2272 eodem
1473 2201 1606 2274 monte
1633 2199 1719 2275 fons

288 2329 359 2417 est,
379 2346 492 2422 quem
511 2323 689 2399 Salvator
706 2321 910 2414 benedixit,
930 2323 996 2418 qui
1013 2322 1098 2398 fons
1117 2322 1166 2396 ad
1185 2343 1315 2397 omnes
1334 2321 1578 2398 infirmitates
1597 2325 1717 2400 valet.

287 2452 334 2527 In
358 2447 452 2527 villa
478 2472 571 2526 vero
590 2441 743 2547 Naym⁴
766 2450 807 2523 in
825 2448 938 2523 domo
957 2448 1107 2541 viduae,
1127 2449 1235 2528 cuius
1253 2447 1354 2522 filius
1372 2449 1623 2524 resuscitatus
1643 2455 1714 2543 est,

286 2597 388 2652 nunc
413 2575 569 2652 ecclesia
595 2577 674 2650 est:
703 2574 902 2672 sepultura
922 2577 1065 2666 autem,
1085 2574 1126 2649 in
1145 2598 1221 2671 qua
1238 2595 1381 2671 ponere
1407 2597 1494 2650 eam
1522 2571 1716 2668 volebant,

288 2723 407 2798 usque
438 2700 550 2776 hodie
582 2705 652 2777 est.

365 2823 412 2900 ln
442 2826 593 2902 Nauara
624 2847 714 2902 vero
743 2828 803 2902 est
834 2829 953 2918 ortus,
987 2826 1054 2900 ubi
1086 2824 1272 2900 Dominus
1298 2826 1386 2918 luit,
1423 2827 1624 2922 postquam
1656 2848 1716 2901 re·

285 2973 418 3026 versus
445 2955 504 3026 est
531 2950 577 3026 de
605 2951 756 3048 Egypto
770 2946 794 3026 ⁵.

365 3076 427 3168 (Β.
441 3101 470 3152 c.
485 3079 526 3150 X
531 3073 576 3168 V)
598 3076 721 3174 Prope
738 3076 947 3170 civitatem,
967 3099 1065 3175 quae
1079 3099 1180 3151 nunc
1193 3076 1373 3175 Neapolis
1386 3076 1537 3169 dicitur,
1557 3078 1717 3153 ecclesia

286 3201 498 3302 quadrifida
524 3205 595 3295 est,
622 3204 694 3278 hoc
718 3206 777 3279 est
793 3203 835 3276 in
853 3203 973 3280 crucis
992 3203 1148 3279 modum
1166 3204 1281 3294 facta,
1300 3203 1340 3278 in
1368 3204 1476 3279 cuius
1502 3204 1627 3280 medio
1655 3208 1718 3280 est

367 3497 377 3534 ¹
397 3499 545 3562 Fortasse
563 3500 597 3561 iu
619 3500 725 3563 codice
745 3501 911 3580 archetypo
932 3501 1082 3580 scriptum
1110 3505 1197 3562 erat:
1230 3507 1345 3560 «turre
1369 3500 1456 3561 Ader
1481 3499 1533 3562 vel
1560 3498 1715 3562 (dadum

285 3615 355 3658 uam
375 3595 407 3658 iu
426 3597 554 3676 Peregr.
575 3617 602 3661 s.
621 3599 738 3661 Paulae
758 3599 894 3677 legitur:
917 3621 934 3658 ι
949 3598 989 3660 ad
1008 3599 1119 3660 turrim
1139 3597 1235 3677 Ader,
1255 3597 1290 3660 id
1311 3603 1360 3659 est
1380 3595 1503 3676 Gregis,
1523 3597 1611 3659 iuxta
1623 3617 1715 3676 quam

284 3693 378 3757 Iacob
390 3695 479 3775 parit
493 3715 607 3775 greges
620 3715 721 3759 snos»
738 3696 864 3780 (Genus.
878 3718 904 3760 c.
919 3699 968 3774 26,
983 3717 1012 3761 v.
1027 3699 1089 3778 21).
1104 3695 1280 3777 Arculphus
1293 3715 1367 3759 vero
1381 3693 1501 3774 profert
1515 3695 1548 3777 (l.
1563 3695 1608 3757 m·
1622 3715 1648 3757 o.
1663 3697 1714 3778 6):

287 3793 401 3856 ‹iuxta
420 3795 530 3856 turrim
549 3795 655 3858 Gader
669 3819 699 3858 a.

364 3890 377 3928 ¹
398 3891 497 3954 Some.
521 3893 671 3956 ‹Somam
690 3895 779 3958 vicen
800 3896 833 3958 in
852 3895 964 3958 finibus
983 3895 1134 3958 Sebastae
1152 3896 1186 3956 iu
1204 3892 1551 3973 regioneAcrabitteua,
1566 3891 1714 3956 vocabulo

284 3987 428 4053 Sauim».
448 3991 536 4054 Haec
565 3993 773 4072 Hieronymus
793 3995 825 4055 iu
846 3994 981 4056 Eusebio
1008 3993 1048 4056 ad
1078 4015 1107 4056 v.
1139 3994 1193 4073 qui
1217 3992 1357 4055 eddidit:
1384 3992 1454 4058 ὅθεν
1484 3993 1628 4084 λέγουσιν
1651 3991 1711 4066 τὴν

284 4090 469 4180 Σωμανιτῖν.
485 4089 524 4150 Iu
544 4089 660 4152 fluidae
679 4090 778 4170 lexico
798 4111 918 4170 quoque
939 4090 1102 4154 scribitur:
1125 4099 1308 4182 Σωμανῐτις.
1346 4111 1348 4114 ·

364 4183 377 4222 ³
396 4185 497 4265 Mons,
517 4187 570 4265 qui
589 4186 784 4267 describitur,
805 4189 884 4250 alter
905 4195 972 4250 erat
991 4209 1027 4250 ac
1046 4188 1193 4267 Hermon,
1208 4189 1260 4268 qui
1273 4189 1503 4253 excelsissimus
1517 4197 1604 4252 trans
1616 4189 1715 4252 iorda·

283 4282 384 4345 nicam
402 4285 561 4363 regionem
580 4287 614 4348 iu
633 4286 722 4349 libris
743 4288 839 4348 sacris
858 4293 1064 4350 memoratur:
1085 4309 1179 4368 quum
1192 4289 1246 4350 ille
1261 4288 1300 4350 ed
1315 4289 1446 4352 Nabaris
1457 4289 1618 4352 meridiem
1632 4289 1714 4351 situs

283 4381 404 4444 modica
417 4391 502 4446 esset
516 4385 691 4447 altitudine.
704 4385 855 4448 Nonnulli
868 4385 907 4447 ed
922 4405 991 4448 eum
1004 4386 1083 4448 illud
1097 4395 1238 4469 spectare
1251 4394 1401 4467 putarunt
1414 4387 1543 4468 (Psalm.
1558 4386 1645 4464 XLI,
1661 4387 1715 4466 ‘Or

286 4481 436 4546 ‹Memor
455 4503 506 4546 ero
516 4486 575 4547 'tui
594 4485 634 4546 de
654 4493 739 4546 terra
761 4485 914 4564 Iordanis,
929 4493 961 4548 et
974 4486 1168 4548 Hermoniim
1181 4507 1200 4548 a
1214 4493 1319 4548 moute
1331 4487 1460 4551 modico.
1477 4508 1493 4545 a
1508 4485 1554 4548 At
1567 4486 1715 4548 minorem

284 4581 383 4646 fuisse
403 4605 493 4662 quam
519 4584 689 4666 proximum
710 4584 834 4647 Thabor
852 4586 944 4664 paulo
969 4591 1042 4666 post
1062 4586 1152 4648 nobis
1180 4585 1277 4647 tradit
1296 4585 1476 4664 Peregrina.
1502 4585 1714 4666 Opportunum

284 4683 379 4746 etiam
397 4683 448 4744 hio
467 4703 612 4746 revocare
632 4681 766 4762 videtur,
786 4683 869 4762 quod
883 4683 915 4745 S.
929 4684 1028 4745 Paula
1041 4705 1059 4746 a
1073 4683 1224 4745 Thaboris
1244 4683 1422 4745 summitate
1443 4683 1596 4764 aspiceret
1617 4702 1714 4761 <pro

284 4780 335 4842 cul
353 4785 475 4843 montes
494 4780 633 4842 Hermon
654 4786 688 4840 et
705 4779 898 4842 Hermoniim
919 4786 951 4842 et
963 4799 1086 4859 campos
1099 4779 1270 4842 latissimos
1285 4778 1454 4842 Galileae...
1475 4785 1645 4841 torrentem
1665 4778 1714 4840 ei-

284 4899 350 4957 son,
363 4878 417 4958 qui
435 4877 568 4940 mediam
587 4878 747 4958 planitiem
767 4878 942 4958 dividebat3
963 4885 995 4939 et
1015 4877 1161 4958 oppidum
1180 4876 1268 4940 iuxta
1285 4877 1388 4954 Naim,
1402 4877 1436 4939 iu
1456 4897 1516 4956 quo
1533 4877 1646 4940 viduae
1666 4896 1713 4938 sn·

284 4977 414 5039 scitatus
435 4975 614 5050 eratfilius,
635 4977 903 5040 monstrabatur.»

364 5077 379 5113 ⁴
398 5077 523 5140 Hieron.
544 5077 577 5137 in
598 5076 752 5138 Eusebio:
776 5075 897 5139 ‹Naim
917 5074 1125 5158 oppidulum...
1141 5095 1238 5154 usque
1258 5075 1349 5138 hodie
1364 5077 1397 5137 iu
1416 5075 1550 5139 secundo
1570 5074 1714 5136 milliario

284 5175 408 5238 'l'habor
426 5177 539 5238 montis
560 5175 774 5238 ostenditur.»

363 5274 496 5336 ⁵Valde
518 5273 636 5352 dubito,
662 5281 765 5334 utrum
792 5274 963 5352 Peregrina
988 5273 1022 5334 id
1050 5274 1219 5354 scripserit.
1247 5273 1336 5350 Nam,
1368 5293 1462 5352 quum
1488 5271 1714 5351 Hierosolymis

284 5373 441 5436 Nauareth
459 5391 569 5436 versus
590 5372 650 5433 iter
669 5380 821 5452 pergeret,
842 5371 975 5451 primum
994 5391 1051 5452 per
1070 5371 1243 5451 Neapolim,
1264 5370 1305 5433 de
1325 5392 1386 5450 qua
1404 5391 1483 5453 mox,
1504 5371 1565 5433 sibi
1579 5372 1715 5434 tramine

286 5477 353 5532 erat
372 5488 508 5548 necesse,
522 5475 557 5530 ut
570 5468 609 5530 ed
623 5469 781 5531 civitatem
793 5468 949 5531 Nazareth
958 5468 1131 5531 accederet.
1147 5467 1250 5542 Quare
1265 5467 1414 5530 eiusmodi
1434 5468 1474 5531 de
1487 5467 1577 5529 horto
1587 5467 1713 5530 Domini

287 5567 398 5633 notitia
416 5587 436 5628 a
454 5566 549 5629 Petro
569 5566 705 5628 Diacono
726 5567 839 5629 saltem
858 5567 1077 5646 intempestive
1099 5567 1232 5630 adducta
1256 5575 1314 5628 est.

1608 5699 1642 5754 17
